1826 3034
782 169 1014 204 —40—

159 292 435 343 Πραξιφάνης
507 295 630 332 nobis
676 295 753 331 vix
798 294 949 331 relicta
995 298 1094 331 sunt
1138 293 1325 342 vestigia
1354 293 1642 342 Praxiphanis

160 368 213 405 (le
245 367 529 417 grannnatiea
561 366 824 410 meritorum,
858 375 968 412 quae
1001 369 1162 412 quanta
1194 364 1355 402 fuerint
1385 365 1527 412 quivis
1559 365 1642 403 eol-

158 439 264 488 liget
296 439 410 482 inde,
444 438 559 485 quod
582 437 723 485 priore
746 437 839 474 loeo
861 447 949 474 una
971 447 1069 473 eum
1091 435 1322 473 Aristotele
1344 435 1641 484 Praxiphanes

156 510 413 554 nominatur,
453 519 537 545 non
579 507 899 556 Theophrastus
932 507 1075 544 aliive.
1137 517 1248 545 unus
1285 510 1430 544 tamen
1468 502 1640 556 braesto
1689 528 1691 531 ·
1748 506 1751 507 ⁷

157 586 220 618 est
252 582 370 618 loeus
404 592 459 617 ex
491 591 543 617 ea
575 580 628 617 de
651 590 736 627 qua
758 590 874 616 nune
906 579 1051 627 agitur
1075 579 1314 627 provincia.
1362 573 1659 616 Demetr.55.·-

155 651 243 690 τοῖς
277 649 323 689 δὲ
369 649 924 699 παραπληρωματικοῑς
972 646 1272 697 ςυνδὲςμοις
1321 646 1524 698 χρηςτέον
1561 646 1641 698 οὐχ

155 719 212 760 ὡς
244 719 497 770 προςθήκαις
530 721 669 759 κεναῖς
803 718 873 759 57.
937 717 1192 770 λαμβάνεται
1225 718 1270 759 δὲ
1303 718 1370 759 καὶ
1401 719 1639 768 παθητικῶς

155 790 355 832 πολλάκις
389 791 412 831 ὁ
445 790 669 841 ςύνδεςμος
709 788 848 843 οὗτος,
887 789 1025 840 ὥςπερ
1064 789 1131 837 ἐπὶ
1170 792 1242 840 τῆς
1263 789 1501 840 ,Καλυψοῦς
1533 789 1639 840 πρὸς

154 862 229 903 τὸν
263 861 460 903 Ὀδυςςέα
492 860 720 910 ((Διογενὲς
743 860 975 912 Λαερτιάδη
1009 858 1272 911 πολυμήχαν’
1296 859 1509 910 Ὀδυςςεῦ,
1525 858 1639 902 οὕτω

155 934 204 983 δὴ
238 932 417 982 οἶκόνδε,
452 933 583 984 φίλην
615 933 656 973 ἐς
687 932 869 983 πατρίδα
891 931 1058 982 γαῖαν”·
1100 931 1134 973 εἰ
1165 933 1272 982 γοῦν
1303 932 1379 974 τὸν
1410 931 1640 994 ςύνδεςμον
1674 974 1680 981 ,

156 1005 262 1055 (soil.
296 1004 363 1055 δή)
397 1004 567 1052 ἑξέλοις,
600 1004 902 1054 ςυνεξαιρήςεις
943 1004 1009 1044 καὶ
1030 1003 1090 1054 ,τὸ
1122 1003 1268 1044 πάθος.
1331 1003 1515 1044 καθόλου
1547 1002 1639 1055 γάρ,

155 1074 293 1126 ὥςπερ
326 1075 349 1116 ὁ
381 1074 660 1126 Πραξιφάνης
693 1075 831 1126 φηςίν,
864 1074 957 1116 ἀντὶ
990 1077 1164 1126 μυγμῶν
1186 1075 1567 1137 παρελαμβάνοντο
1599 1076 1639 1118 οἱ

155 1149 340 1188 τοιοῦτοι
373 1146 591 1198 ςύνδεςμοι
624 1148 691 1188 καὶ
714 1149 968 1197 ςτεναγμῶν,
992 1146 1130 1198 ὥςπερ
1163 1147 1211 1187 τὸ
1245 1147 1287 1187 αἲ
1310 1146 1352 1187 αἲ
1384 1147 1451 1188 καὶ
1472 1147 1522 1188 τὸ
1543 1149 1638 1199 φἐῦ,

154 1219 220 1259 καὶ
242 1218 369 1259 ποῖόν
392 1219 429 1259 τί
452 1218 571 1267 ἐςτιν,
596 1218 652 1259 ὡς
676 1218 803 1259 αὐτός
826 1232 937 1269 φηςι,
961 1218 1010 1259 τὸ
1033 1217 1124 1259 “mi
1147 1217 1197 1259 νύ
1220 1216 1255 1259 κ’
1280 1218 1638 1270 ὀδυρομένοιςιν”.

153 1289 339 1340 ἕπρεψεν
371 1289 550 1341 ἕμφαςὶν
582 1304 675 1331 τινα
707 1289 807 1340 ἕχον
829 1290 996 1340 οἰκτροῦ
1031 1289 1252 1340 ὀνόματος.
1283 1289 1353 1330 58.
1387 1289 1426 1331 οἱ
1454 1290 1501 1331 δὲ
1531 1288 1638 1341 πρὸς

154 1361 280 1402 οὐδὲν
312 1360 668 1412 ἀναπληροῦντες,
701 1361 812 1412 φηςί,
852 1361 927 1402 τὸν
960 1360 1189 1412 ςύνδεςμον
1229 1361 1382 1402 ἐοίκαςι
1414 1363 1502 1402 τοῖς
1535 1361 1637 1402 ὑπο-

154 1434 310 1483 κριταῖς
350 1435 438 1473 τοῑς
486 1433 534 1474 τὸ
567 1434 634 1474 καὶ
681 1433 729 1474 τὸ
762 1433 868 1483 πρὸς
908 1432 1035 1473 οὐδεν
1082 1432 1345 1482 ἐπιλέγουςιν
1377 1433 1636 1486 (Nauekius3
1690 1452 1696 1461 ·

153 1502 253 1544 ἔπος
287 1503 478 1553 λέγουςιν
511 1508 601 1545 eod.
634 1505 759 1556 Pa1.‚)
792 1503 885 1545 οἷον
919 1503 955 1545 εί
985 1517 1045 1544 τις
1079 1502 1161 1545 ὧδε
1195 1503 1309 1553 λέγοι

295 1574 530 1616 “Καλυδὼν
563 1576 637 1626 μὲν
670 1575 744 1626 ἥδε
776 1577 876 1624 γαῖα
907 1575 1146 1616 Πελοπείας
1179 1575 1345 1626 χθονός,
1377 1577 1472 1627 φεῦ,

294 1646 339 1687 ἐν
371 1645 672 1697 ἀντιπόρθμοις
705 1646 812 1687 πεδί’
847 1645 984 1697 ἔχους’
1019 1646 1260 1697 εὐδαίμονα,
1294 1646 1335 1688 αἳ
1368 1646 1454 1688 otim.

153 1718 209 1758 ὡς
249 1717 329 1768 γὰρ
368 1718 564 1768 παρέλκει
603 1718 652 1758 τὸ
692 1718 733 1758 αἳ
773 1717 815 1758 αἳ
855 1719 921 1758 καὶ
960 1718 1009 1758 τὸ
1042 1720 1124 1769 φεῦ
1158 1717 1318 1767 ἐνθάδε,
1367 1717 1480 1759 οὕτω
1512 1719 1579 1760 καὶ
1611 1719 1636 1761 ὁ

152 1791 370 1839 πανταχοῦ
404 1788 538 1839 μάτην
570 1789 881 1840 ἐμβαλλόμενος
914 1788 1150 1839 ςύνδεςμος.
1204 1804 1467 1841 quamquam
1489 1794 1636 1832 insunt

116 1860 127 1875 ⁶
151 1864 287 1901 multa
319 1864 487 1909 menda,
538 1864 590 1901 do
624 1875 752 1901 sensu
785 1864 974 1901 dubitari
1015 1864 1182 1912 nequit:
1231 1865 1304 1912 qui
1338 1861 1388 1911 δή
1422 1868 1464 1902 et
1495 1861 1546 1902 νύ
1577 1886 1636 1891 —

151 1935 194 1971 hi
227 1935 341 1972 enim
374 1939 472 1972 sunt
504 1930 722 1982 ςύνδεςμοι
755 1932 1185 1983 παραπληρωματικοί
1207 1956 1265 1961 -
1287 1947 1343 1973 ex
1366 1947 1635 1985 supervacuo

152 2006 372 2051 adhibent,
422 2018 506 2044 non
546 2007 687 2044 minus
727 2007 1003 2055 vituperandi
1037 2011 1136 2044 sunt
1168 2018 1297 2055 quam
1330 2009 1634 2079 actores-qui

151 2077 343 2124 quolibet
375 2078 467 2114 loeo
500 2078 871 2115 interieetionihus
910 2090 966 2115 ex
1003 2088 1271 2127 supervacuo
1304 2083 1498 2117 utuntur.
1561 2079 1635 2128 qui

151 2152 237 2184 tam
270 2152 471 2185 aeeurate
505 2149 704 2186 distinxit
736 2149 848 2186 inter
870 2149 1207 2195 eoniunetiones,
1241 2154 1419 2198 potesne
1442 2150 1521 2188 tibi
1542 2162 1635 2199 per-

151 2219 333 2256 suadere
366 2231 463 2257 eum
496 2223 661 2257 eeteras
694 2221 899 2258 orationis
931 2225 1076 2269 partes
1108 2221 1367 2270 neglexisse,
1416 2233 1514 2260 eum
1551 2233 1634 2266 ser-

151 2301 275 2327 vasse
308 2291 600 2340 angustiorem
640 2292 831 2339 priorum
871 2291 1141 2329 doctrinam?
1204 2296 1303 2330 ante
1336 2293 1633 2332 Aristarchum
1679 2306 1683 2311 ·

152 2362 430 2409 eompositam
475 2362 608 2399 fuisse
655 2363 894 2400 (loetrinam
940 2363 993 2400 (le
1041 2367 1136 2401 oeto
1183 2364 1379 2412 partibus
1427 2365 1633 2406 orationis

151 2433 343 2481 generali
376 2434 515 2482 magis
548 2434 892 2471 eonsideratione
925 2435 1126 2472 commoti
1149 2436 1494 2483 postulabamus3
1527 2435 1633 2474 Stoi-

151 2503 212 2540 eis
245 2503 324 2540 hoe
356 2504 633 2541 tribuendum
667 2516 751 2541 non
785 2516 877 2542 esse
909 2506 1117 2553 vidimus3
1161 2506 1246 2543 iam
1280 2518 1305 2543 a
1337 2506 1634 2555 Theophrasto

151 2574 293 2621 plures
327 2580 470 2622 partes
503 2587 631 2622 quam
665 2573 867 2623 quattuor
900 2580 1081 2614 statutas
1120 2588 1212 2614 esse
1251 2581 1434 2615 testatur
1467 2575 1666 2627 Si1npli-”

151 2645 262 2692 eius3
311 2645 627 2694 Praxiphanmn
662 2652 832 2694 praeter
864 2648 1137 2686 Aristotelem
1175 2649 1359 2698 legimus
1398 2649 1631 2705 perfecisse

150 2717 477 2765 grammatieam
509 2729 686 2765 novam3
736 2719 1027 2757 testimonium
1060 2720 1151 2758 eius
1184 2720 1324 2759 laudis
1357 2731 1382 2757 a
1413 2720 1631 2758 Demetrio

150 2791 368 2826 servatum
401 2788 523 2826 attuli
557 2808 614 2813 —
646 2800 748 2827 num
781 2790 907 2828 nimis
941 2791 1096 2829 debilis
1129 2796 1192 2830 est
1215 2792 1464 2831 coniectura
1485 2802 1511 2829 a
1531 2792 1631 2831 Pra-
