1826 3034
784 108 992 147 „gon

147 234 275 274 tionis
307 235 411 274 talia
443 246 535 274 csse
569 235 778 274 discimus
807 246 905 275 cum
943 248 999 274 ex
1036 236 1172 285 ipsius
1203 234 1422 275 Ciceronis
1454 234 1631 286 disposi-

148 308 275 353 tione,
309 312 399 345 tum
432 319 487 345 ex
520 307 611 345 eius
643 307 789 344 verbis
823 308 876 345 de
909 318 970 345 or.
1002 303 1136 353 1179,
1168 308 1244 346 ubi
1276 311 1458 356 utraque
1492 308 1631 357 dispo-

147 379 243 416 sitio
266 379 439 428 legitur,
472 379 590 427 prior
611 379 684 423 ita,
718 382 765 417 ut
787 378 944 416 iustam
968 390 1062 416 eam
1085 389 1178 416 esse
1202 379 1383 417 eluceat.
1432 379 1631 428 quisnam

146 450 249 487 mihi
280 450 365 487 iam
398 454 584 499 opponet
615 450 811 495 alterum,
846 450 962 498 quod.
994 461 1073 499 ego
1107 450 1282 498 quidem
1313 450 1501 496 videam,
1541 451 1631 488 uni-

147 532 244 559 cum
292 525 612 570 argumentum:
662 520 835 559 Stoicos·
873 525 981 558 teste
1024 521 1195 559 Laertio
1227 521 1310 559 VH
1340 517 1397 559 43
1445 522 1630 559 eundem

147 593 345 630 statuisse
378 593 586 637 ordinem,
636 592 708 640 qui
742 593 796 629 sit
834 592 877 629 in
911 592 1153 630 Aristotelis
1194 593 1247 630 dc
1286 597 1377 631 arte
1415 593 1631 631 rhetorica

146 664 288 701 libris:
331 659 436 701 εἶναι
469 661 515 701 δὲ
543 662 637 710 <τῆε
670 659 913 711 ῥητορικῆς)
945 661 1022 710 τὴν
1055 660 1253 711 διαίρεειν
1287 659 1345 701 εἴ(
1377 673 1422 702 τε
1453 661 1530 711 τὴν
1563 659 1629 702 εὕ-

146 745 256 783 ρεειν
289 732 354 772 καὶ
388 732 443 772 εἰ(
475 732 552 782 τὴν
584 731 739 783 φράειν
777 732 844 772 καὶ
877 731 932 772 εἰς
964 732 1041 782 τὴν
1073 730 1190 774 τάξιν
1228 732 1294 772 καὶ
1327 731 1384 772 εἰ(
1415 732 1493 782 τὴν
1525 731 1630 773 ὑπό-

145 805 315 854 κριεινῖ)
1536 845 1539 851 ,

287 878 436 926 Itaque
470 888 567 915 cum
600 878 703 915 mihi
737 882 901 915 certum
936 878 990 914 sit
1020 878 1214 915 ordinem
1244 877 1373 915 trium
1395 877 1631 933 rhetorices

145 950 331 997 partium
364 950 535 996 qualem
568 960 645 986 nos
678 949 886 987 habemus
911 960 995 986 non
1020 960 1112 986 esse
1131 949 1450 994 Aristoteleum,
1483 949 1630 987 viden—

145 1021 247 1058 dum
280 1024 356 1066 cst,
391 1021 495 1068 quid
529 1021 581 1058 (10
615 1021 713 1058 libri
737 1020 799 1058 III
822 1021 942 1057 initio
965 1021 1190 1058 faciamus.
1240 1021 1296 1057 ad
1318 1021 1454 1058 verba
1479 1016 1630 1058 1403b

148 1088 201 1128 10
233 1086 331 1129 “mi
370 1088 437 1129 διὰ
476 1087 513 1129 τί
553 1090 735 1129 τοεαῦτα
775 1086 914 1139 μόνα”
947 1095 1125 1129 annotat
1164 1091 1438 1141 Spengelius:
1487 1086 1630 1130 “hanc

145 1173 319 1200 causam
359 1173 490 1212 supra
522 1163 541 1200 I
572 1159 599 1200 2
640 1164 801 1201 frustra
842 1173 1042 1211 quaeres3
1092 1163 1335 1200 necessario
1383 1163 1498 1200 enim
1543 1174 1628 1201 non

144 1235 269 1283 plura
301 1245 394 1272 csse
426 1245 511 1272 11011
546 1235 703 1280 docuit,
753 1235 1117 1282 quemadmodum
1149 1245 1190 1271 v.
1225 1245 1262 1271 c.
1296 1245 1351 1272 ex
1388 1238 1629 1284 temporum

142 1306 381 1343 rationibus
425 1306 506 1343 tria
552 1310 719 1344 tantum
763 1317 925 1356 genera
972 1317 1065 1344 csse
1109 1300 1464 1343 delnonstravit”.
1526 1316 1629 1344 num

143 1377 222 1415 hoc
245 1377 509 1415 commisisse
532 1378 750 1426 putandus
774 1382 837 1415 est
855 1376 1139 1415 Aristoteles?
1156 1397 1213 1402 —
1239 1377 1409 1415 accedit
1431 1377 1628 1416 alterum.

146 1445 302 1486 1403b
326 1445 371 1486 6:
421 1444 563 1496 ἐπειδὴ
597 1445 690 1496 τρία
723 1445 831 1487 ἐετὶν
863 1445 889 1486 ἃ
923 1447 987 1486 δεῖ
1018 1447 1389 1496 πραγματευθῆναι
1426 1445 1521 1496 περὶ
1553 1445 1629 1487 τὸν

143 1516 284 1566 λόγον,
315 1517 362 1558 ἓν
395 1517 470 1568 μὲν
502 1517 547 1558 ἐκ
577 1517 707 1558 τίνων
740 1517 780 1558 αἱ
812 1517 964 1559 πίετειε
998 1516 1174 1566 ἔρονται,
1219 1516 1420 1567 δεύτερον
1452 1516 1499 1557 δὲ
1533 1513 1628 1567 περὶ

141 1588 218 1638 τὴν
250 1588 370 1638 λέξιν,
403 1589 546 1639 τρίτον
578 1589 624 1630 δὲ
655 1590 745 1630 πῶς
778 1589 856 1640 χρὴ
888 1587 1006 1631 τάξαι
1039 1588 1091 1629 τὰ
1123 1588 1224 1639 μέρη
1258 1590 1334 1629 τοῦ
1359 1588 1501 1638 λόγου,
1533 1588 1629 1639 περὶ

142 1659 217 1710 μὲν
248 1661 334 1701 τῶν
366 1660 545 1702 πίετεων
578 1659 736 1711 εἴρηται
768 1662 851 1701 κτλ.
914 1659 1036 1701 1³15:
1070 1659 1120 1700 οὐ
1153 1658 1232 1710 γὰρ
1255 1658 1422 1710 ἀπόχρη
1445 1659 1494 1701 τὸ
1517 1657 1629 1710 ἔχειν

142 1730 168 1771 ἃ
201 1733 265 1772 δεῖ
296 1731 433 1781 λέγειν
557 1732 605 1773 τὸ
638 1732 713 1782 μὲν
746 1730 824 1773 οὖν
846 1733 1019 1782 πρῶτον
1042 1731 1218 1782 ἐζητήθη
1243 1730 1348 1772 κατὰ
1370 1729 1497 1782 φύειν
1520 1729 1626 1782 ὅπερ

141 1802 303 1854 πέφυκε
335 1805 517 1854 πρῶτον,
551 1802 658 1844 αὐτὰ
689 1803 741 1844 τὰ
773 1802 998 1854 πράγματα
1029 1802 1074 1843 ἐκ
1105 1802 1233 1844 τίνων
1257 1801 1340 1853 ἔχει
1362 1802 1411 1843 τὸ
1434 1801 1627 1851 πιθανόν,

141 1872 341 1925 δεύτερον
374 1875 419 1915 δὲ
451 1875 500 1916 τὸ
532 1876 664 1915 ταῦτα
695 1878 744 1928 τῇ
779 1874 885 1917 λέξει
918 1874 1139 1923 διαθέεθαι,
1186 1873 1328 1924 τρίτον
1368 1873 1414 1914 δὲ
1450 1871 1627 1922 τούτων,

142 1944 166 1986 ὃ
199 1944 376 1997 δύναμιν
409 1946 484 1997 μὲν
516 1945 600 1997 ἔχει
633 1945 837 1997 μεγίετην,
870 1944 991 1986 οὔπω
1025 1944 1060 1986 δ’
1095 1944 1409 1996 ἐπικεχείρηται,
1449 1944 1500 1986 τὰ
1531 1945 1627 1996 περὶ

139 2016 217 2067 τὴν
242 2016 468 2068 ὑπόκριειν.
530 2021 649 2059 nullo
683 2020 821 2069 spatio
853 2020 1105 2068 interposito
1139 2020 1297 2057 similia
1327 2019 1396 2057 bis
1428 2019 1625 2069 legimus,

142 2092 217 2129 sed
250 2092 429 2130 interest
457 2092 641 2140 aliquid:
675 2092 817 2140 priore
851 2093 943 2129 loco
976 2095 1063 2129 tres
1096 2095 1240 2139 partes
1268 2091 1508 2128 nominavit
1530 2101 1628 2129 auc-

141 2167 208 2200 tor
238 2159 402 2209 πίετειε,
435 2160 557 2209 λέξιν,
588 2159 715 2208 τάξιν,
763 2163 997 2212 posteriorc
1032 2146 1118 2200 tres
1150 2158 1315 2208 πίετειε,
1356 2158 1478 2208 λέξιν,
1521 2157 1626 2200 ὑπό-

140 2244 279 2281 κριειν.
341 2235 490 2283 nequit
533 2238 762 2282 utrumque
795 2234 1100 2271 Aristoteleum
1143 2244 1249 2277 osse,
1299 2234 1489 2283 genuina
1533 2234 1626 2272 cius

140 2307 276 2343 verba
308 2307 454 2354 procul
490 2306 622 2344 dubio
655 2306 890 2354 posteriorc
923 2306 1016 2343 loco
1056 2305 1278 2354 leguntur3
1327 2315 1467 2353 neque
1511 2306 1630 2344 enim.

143 2377 278 2415 solum
323 2388 432 2425 quae
478 2378 530 2414 dc
576 2378 744 2415 actione
789 2377 979 2415 nondum
1024 2377 1132 2414 bene
1187 2380 1371 2414 tractata
1417 2380 1627 2414 monstrat

141 2448 328 2495 produnt
361 2449 647 2494 Aristotelem,
694 2449 770 2486 sed
803 2449 933 2486 ctiam
966 2449 1102 2485 iustus
1135 2448 1239 2485 ordo
1279 2451 1494 2486 servatur:
1544 2448 1625 2486 dis-

142 2519 294 2566 positio
328 2520 493 2557 scilicet
525 2520 682 2557 omissa-
705 2524 768 2557 cst
790 2524 938 2568 utpote
962 2520 1154 2569 indigna,
1189 2519 1257 2557 cui
1283 2519 1483 2568 proprius
1506 2504 1633 2557 locus=

142 2590 435 2638 assignaretur
468 2591 579 2628 inter
610 2591 837 2639 primarias
870 2591 1104 2628 rhetorices
1136 2595 1294 2639 partes.
1362 2587 1474 2628 1354
1498 2591 1524 2628 b
1551 2587 1623 2628 17:

174 2689 182 2698 .
203 2689 211 2698 .
244 2657 295 2698 τὰ
318 2657 397 2699 ἔξω
419 2660 494 2698 τοῦ
518 2657 761 2708 πράγματος
793 2660 1117 2708 τεχνολογοῡειν
1151 2656 1239 2698 ὅεοι
1262 2656 1396 2699 τᾶλλα
1419 2658 1624 2709 διορίζου-

142 2740 216 2777 clv,
263 2726 356 2769 οἷον
388 2728 425 2769 τί
459 2731 522 2769 δεῖ
552 2729 601 2769 τὸ
641 2729 864 2779 προοίμιον
896 2729 920 2779 ἢ
953 2730 1030 2779 τὴν
1071 2729 1258 2779 διήγηειν
1298 2728 1408 2780 ἔχειν
1439 2730 1506 2770 καὶ
1537 2731 1624 2771 τῶν
