1826 3034
826 200 1037 234 -6-

184 319 225 359 αἱ
256 318 388 359 ἁπλαῖ
420 318 573 370 φωναί,
607 320 648 360 αἱ
679 319 923 369 ςημαντικαὶ
946 321 1032 361 τῶν
1055 318 1324 370 πραγμάτων,
1356 317 1447 361 καθ’
1472 319 1496 360 ὃ
1518 331 1670 370 ςημαν-

182 389 289 430 τικαί
328 389 438 438 εἰςιν,
485 387 579 431 ἀλλ’
613 389 664 431 οὐ
704 387 794 431 καθ’
834 389 858 431 ὃ
904 390 1031 432 λέξεις
1076 390 1239 431 ἁπλῶς·
1287 388 1378 432 καθ’
1412 390 1436 432 ὃ
1476 390 1551 442 μἐν
1589 389 1671 441 γὰρ

182 461 322 509 λέξεις,
355 459 486 501 ἄλλας
518 460 664 511 ἔχουσι
697 461 996 511 πραγματείας,
1029 460 1078 503 ἃς
1101 460 1147 502 ἐν
1169 465 1228 516 τῷ
1250 462 1345 512 περὶ
1378 460 1479 515 [τοῦ,
1513 459 1671 515 delevi]

182 531 312 580 λόγου
345 531 560 582 ςτοιχείων
593 532 675 582 (sie
696 535 910 573 Meursius
933 546 1010 584 pro
1045 532 1251 586 ς-τοιχείψ)
1283 531 1307 573 ὅ
1329 546 1373 573 τε
1397 531 1670 583 Θεόφραςτος

182 601 370 644 ἀνακινεῖ
402 603 468 643 καὶ
501 602 541 644 οἱ
573 603 669 654 περὶ
701 602 833 644 αὐτὸν
865 602 1127 654 γεγραφότες
1160 602 1253 644 οἷον
1287 602 1502 654 ((πότερον
1534 601 1672 654 ὄνομα

182 674 250 714 καὶ
282 673 392 724 ῥῆμα
423 675 499 715 τοῦ
534 674 664 723 λόγου
698 676 882 725 ςτοιχεῑα
914 674 938 725 ἢ
972 675 1039 715 καὶ
1071 673 1207 725 ἄρθρα
1238 674 1306 715 καὶ
1345 673 1564 726 ςύνδεςμοι
1603 674 1671 717 καὶ
1716 700 1719 705 ,

182 743 292 786 ἄλλα
322 743 433 786 τινά·
482 745 633 787 λέξεως
669 745 715 786 δὲ
747 745 814 786 καὶ
845 747 978 786 ταῦτα
1010 745 1132 796 μέρη,
1180 741 1310 794 λόγου
1344 745 1390 786 δὲ
1427 744 1565 796 ὄνομα
1603 746 1671 787 καὶ

182 817 310 867 ῥῆμα·
358 816 425 856 καὶ
456 815 516 857 τίς
548 816 573 866 ἡ
607 815 728 867 κυρία
762 816 879 865 λέξις,
927 815 988 857 τίς
1021 816 1068 857 δὲ
1099 816 1124 866 ἡ
1158 816 1430 868 μεταφορική.
1478 816 1546 857 καὶ
1577 815 1672 858 τίνα

181 885 233 927 τὰ
263 885 376 937 πάθη
409 886 538 937 αὐτῆς
571 882 665 928 οἷον
700 887 738 928 τί
770 885 988 937 ἀποκοπή,
1035 886 1073 927 τί
1104 887 1310 938 ςυγκοπή,
1357 887 1395 928 τί
1433 886 1670 939 ἀφαίρεςις·

182 958 291 999 τίνες
323 958 364 999 αἱ
395 957 538 1007 ἁπλαῖ,
584 958 694 1000 τίνες
727 958 769 999 αἱ
801 957 1004 1007 ςύνθετοι,
1044 958 1153 999 τίνες
1186 958 1228 999 αἱ
1260 957 1557 1000 ὑποςύνθετοι·
1604 958 1672 1000 καὶ

183 1027 260 1070 ὅςα
291 1031 476 1070 τοιαῦτα.
509 1029 576 1070 καὶ
609 1028 685 1070 ὅςα
717 1029 812 1080 περὶ
845 1028 971 1070 ἰδεῶν
1004 1028 1182 1080 εἴρηται·
1214 1029 1252 1070 τί
1284 1028 1333 1070 τὸ
1356 1029 1487 1081 ςαφὲς
1511 1029 1558 1071 ἐν
1579 1031 1671 1072 ταῖς

183 1100 322 1148 λέξεςι,
369 1100 406 1141 τί
438 1100 487 1141 τὸ
532 1100 859 1151 μεγαλοπρεπές,
900 1100 937 1140 τί
969 1100 1018 1141 τὸ
1049 1099 1129 1150 ἡδὺ
1163 1100 1230 1141 καὶ
1261 1099 1487 1142 πιθανόν”.
1550 1104 1671 1143 illum

183 1175 341 1213 librum
377 1175 563 1213 eundem
596 1186 689 1213 esse
722 1186 773 1212 ac
803 1171 899 1222 περὶ
933 1170 1084 1214 λέξεως
1118 1165 1156 1220 ἆ,
1190 1186 1288 1212 cum
1319 1186 1405 1213 non
1438 1177 1576 1213 totum
1607 1172 1672 1213 arl

183 1250 436 1295 gumentum
473 1257 499 1283 a
531 1245 750 1294 Simplicio
791 1246 985 1283 enarrari
1026 1249 1210 1294 putaret,
1260 1246 1446 1284 coniecit
1476 1246 1671 1284 Maximi-

182 1317 323 1355 lianus
355 1317 617 1355 Schmidtius
655 1314 735 1365 (De
768 1316 1067 1366 Theophrasto
1100 1317 1269 1357 rhetore
1303 1328 1343 1366 p.
1377 1313 1463 1365 38),
1511 1317 1672 1356 rectius

182 1388 350 1426 Vsener
395 1385 607 1435 (Analect.
642 1387 927 1437 Theophrast.
968 1399 1009 1436 p.
1043 1384 1086 1435 9)
1132 1389 1318 1437 primum
1366 1389 1526 1427 librum
1573 1399 1671 1427 eum

183 1459 316 1497 fuisse
334 1459 644 1508 Theophrastci
667 1459 808 1508 operis
830 1456 925 1507 περὶ
950 1456 1113 1505 λέξεως,
1146 1460 1269 1498 cuius
1292 1459 1421 1497 etiam
1444 1459 1489 1498 in
1511 1459 1671 1506 Laertii

184 1530 326 1568 indice
358 1541 558 1569 mancum
591 1531 816 1579 exemplar
846 1531 1129 1581 significatur.
1183 1531 1256 1568 illo
1279 1536 1471 1580 tempore
1493 1531 1538 1568 in
1559 1531 1671 1586 libro

183 1598 278 1648 περὶ
310 1597 460 1640 λέξεως
492 1602 666 1639 omnino
698 1613 783 1640 non
817 1602 1005 1650 potuisse
1039 1602 1173 1640 taceri
1207 1602 1261 1640 dc
1290 1597 1552 1640 ‘elementis'
1574 1612 1671 1641 con-

185 1673 323 1718 cedet,
355 1673 428 1721 qui
451 1673 696 1711 meminerit
728 1673 1109 1722 grammaticas
1142 1678 1287 1711 artes
1319 1674 1511 1712 nondum
1540 1674 1672 1722 scrip—

184 1748 249 1782 tas
282 1744 428 1782 fuisse.
476 1744 591 1782 idem
624 1736 787 1782 factum
821 1750 885 1781 cst
917 1745 961 1782 in
993 1745 1098 1782 artis
1121 1745 1229 1782 rhet.
1252 1742 1539 1782 Aristoteleac
1561 1744 1671 1783 LIII

185 1815 399 1864 capitibus
432 1816 594 1863 primis,
629 1820 708 1853 art.
732 1820 844 1864 poet.
879 1827 916 1853 c.
940 1812 996 1852 20
1020 1827 1103 1864 sq.;
1138 1816 1206 1853 vel
1231 1816 1545 1854 Anaximenen}
1569 1816 1672 1854 licet

185 1886 351 1924 afferre.
413 1898 556 1924 nonne
588 1891 815 1934 praeterea
846 1886 1082 1935 permirum
1115 1891 1192 1932 est,
1241 1887 1356 1934 quod
1394 1887 1437 1925 in
1470 1887 1582 1924 libro
1615 1887 1670 1925 de
1734 1935 1739 1941 .

185 1957 406 1996 clementis
441 1958 646 1995 orationis
678 1958 911 2006 exponitur
942 1954 980 1995 τί
1011 1954 1061 1995 τὸ
1093 1954 1223 2005 ςαφὲς
1256 1953 1302 1995 ἐν
1333 1956 1425 1995 ταῖς
1459 1954 1599 2003 λε’ξεςι,
1631 1954 1670 1996 τί

185 2025 233 2067 τὸ
265 2025 591 2075 μεγαλοπρεπές,
623 2025 661 2066 τί
693 2025 742 2066 τὸ
774 2024 854 2075 ἡδὺ
887 2024 954 2066 καὶ
986 2024 1198 2066 πιθανόνῖ)
1246 2039 1507 2076 quamquam
1539 2029 1670 2068 etiam

185 2100 229 2138 in
260 2100 554 2149 grammaticis
587 2100 709 2137 libris
742 2100 887 2149 agitur
920 2100 973 2137 de
1014 2100 1274 2147 quibusdam
1315 2100 1548 2138 verborum
1587 2101 1671 2139 vir-

185 2171 349 2209 tutibus
381 2175 423 2208 et
454 2171 585 2216 vitiis,
620 2176 763 2208 tamen
796 2171 901 2219 quid
933 2171 1003 2208 hic
1035 2171 1118 2208 sibi
1150 2172 1257 2209 velit
1279 2183 1315 2208 e.
1339 2182 1381 2220 g.
1405 2167 1454 2209 τὸ
1477 2168 1670 2218 πιθανόν,

187 2246 276 2280 tum
309 2242 480 2280 demum
513 2242 779 2291 intellegitur
812 2253 909 2280 cum
948 2242 1290 2280 accuratioribus
1330 2243 1383 2280 de
1423 2243 1670 2282 oratione

187 2313 442 2351 continua
474 2313 838 2362 disputationibus
870 2313 992 2351 illum
1024 2313 1184 2350 librum
1217 2313 1502 2361 praemissum
1534 2314 1670 2353 fuisse

186 2384 396 2432 ponimus.
459 2385 663 2432 quoniam
695 2384 1020 2432 quaestionibus
1052 2385 1376 2433 praecursoriis,
1427 2385 1479 2423 de
1513 2385 1671 2434 quibus

187 2456 319 2492 refert
351 2454 608 2504 Simplicius,
656 2467 767 2494 unus
810 2456 921 2493 liber
968 2456 1279 2505 complebatur,
1328 2456 1460 2494 etiam
1506 2457 1670 2496 maiore

188 2526 394 2564 librorum
416 2538 594 2564 numero
617 2527 783 2574 reliqua
805 2527 987 2564 materia
1008 2531 1194 2564 tractata
1216 2527 1349 2566 fuisse
1373 2528 1567 2576 putanda
1591 2533 1669 2567 est.

329 2597 478 2635 Totius
510 2598 651 2646 operis
683 2594 993 2646 Theophrastei
1027 2604 1331 2648 argumentum
1371 2599 1498 2646 quale
1537 2599 1671 2638 fuerit

189 2671 231 2705 et
270 2668 481 2715 quomodo
523 2669 789 2717 dispositum,
838 2670 1084 2707 etiamnunc
1124 2670 1204 2707 nisi
1249 2681 1347 2718 spes
1386 2681 1454 2708 me
1494 2670 1606 2708 fallit
1647 2682 1670 2709 e

189 2739 481 2787 compluribus
513 2739 794 2788 scriptoribus
827 2740 917 2778 erui
951 2744 1104 2789 potest,
1139 2741 1241 2779 (lum
1274 2741 1328 2778 de
1361 2751 1508 2779 eorum
1531 2741 1670 2779 diver-

191 2810 247 2848 sis
279 2810 468 2848 consiliis
500 2814 615 2848 recte
648 2811 901 2850 iudicemus.
965 2811 1133 2851 initium
1173 2812 1371 2860 capiatur
1403 2823 1429 2850 a
1459 2811 1668 2862 Dionysio
