1826 3034
814 169 1026 209 -34-

178 309 236 338 ex
268 296 504 348 Hermippo
551 308 629 348 per
674 298 832 336 multos
864 299 1027 336 rivulos
1058 294 1120 345 (at
1150 300 1324 347 praeter
1354 293 1667 347 Andronicum)

177 370 395 409 Laertium
427 381 505 408 sua
537 368 786 418 accepisse?
817 380 899 407 nec
920 369 1096 407 videtur
1117 369 1223 407 ordo
1244 370 1455 408 librorum
1475 370 1663 416 obstare,

175 442 304 480 immo
337 442 410 490 qui
442 441 639 489 pluribus
671 441 794 478 libris
817 444 968 490 ageret
990 441 1044 478 de
1061 440 1292 479 Aristotele
1323 437 1495 489 (Athen.
1512 436 1600 479 589
1617 451 1662 479 c:

173 507 409 561 Ἕρμιππος
456 508 503 550 ἐν
548 512 608 563 τῷ
652 508 747 559 περὶ
779 506 1090 559 Ἀριετοτέλου(
1121 507 1298 563 πρώτῳ;
1350 512 1406 550 ef.
1439 508 1526 550 696
1543 509 1589 561 f),
1622 512 1663 551 ei

172 584 354 622 fortasse
400 584 692 622 necessarium
736 584 878 621 visum
925 587 990 621 est
1029 587 1173 632 spreto
1205 583 1479 632 alphabetico
1510 584 1663 622 biblio-

172 657 323 693 thecae
369 655 530 693 ordine·
551 655 685 692 libros
718 655 956 692 seeundum
988 658 1247 704 argumenta
1279 641 1522 704 disponere.
1585 655 1663 694 sed

172 727 337 765 incerta
368 727 475 764 haec
507 730 618 764 sunt.
651 746 709 751 —
740 729 875 763 restat
906 726 1042 764 index
1071 725 1292 774 Anonymi
1313 726 1574 776 Menagiani,
1607 727 1662 765 de

173 809 256 846 quo
289 798 394 846 quid
426 797 584 835 faciam
617 798 776 835 neseio.
839 798 885 834 id
909 797 1085 835 videtur
1117 801 1269 835 contra
1289 797 1465 836 Rosium
1486 795 1662 846 (Aristo—

170 870 267 907 telis
299 870 469 919 fragm„
518 869 586 906 ed.
620 869 683 906 III
715 880 756 918 p.
793 865 863 917 11)
908 869 1184 907 statuendum
1232 879 1325 906 esse
1373 879 1427 906 ne
1474 869 1662 918 priorem

170 941 345 988 quidem
389 944 555 989 partem
600 941 692 978 eius
736 940 892 978 indicis
937 952 993 978 ex
1032 940 1203 978 Laertio
1245 940 1511 989 exscriptam
1552 951 1660 980 esse.

170 1016 317 1061 aperte
365 1023 463 1050 eum
494 1012 654 1049 Laertii
701 1012 845 1049 indice
886 1012 1020 1050 artior
1052 1012 1091 1049 ei
1123 1011 1398 1050 necessitudo
1430 1012 1662 1050 intercedit

170 1095 298 1131 quam
346 1095 443 1122 cum
476 1084 734 1130 Ptolemaeo,
784 1095 1046 1132 quamquam
1091 1095 1201 1132 quae
1246 1084 1290 1121 in
1338 1084 1418 1121 hoc
1457 1084 1662 1134 leguntur

168 1166 326 1205 magna
358 1167 414 1192 ex
446 1159 568 1204 parte
601 1166 678 1203 per
702 1156 869 1193 Arabes
901 1156 1030 1193 valde
1063 1156 1318 1204 perturbata
1340 1166 1434 1193 esse
1455 1155 1661 1194 videntur

168 1226 234 1264 his
280 1227 324 1264 in
356 1227 485 1264 rebus
517 1227 659 1264 minus
692 1227 936 1276 diligentes.
1000 1227 1307 1276 gravissimum
1341 1230 1418 1272 est,
1467 1227 1583 1275 quod
1613 1226 1660 1264 li-

168 1297 344 1335 brorum
388 1309 592 1335 numerus
639 1295 803 1346 (CCCC)
850 1298 965 1335 idem
1014 1298 1218 1336 statuitur
1257 1309 1283 1335 a
1314 1298 1484 1336 Laertio
1529 1302 1572 1336 et
1603 1298 1659 1336 ab

168 1369 396 1417 Anonyme
427 1369 699 1419 Menagiano‚
733 1369 848 1407 idem
880 1366 1030 1417 (mille)
1062 1370 1116 1407 ab
1150 1370 1398 1407 Andronico
1435 1373 1478 1408 et
1510 1381 1536 1407 a
1566 1355 1659 1408 Pto-

167 1441 344 1478 lemaeo.

308 1512 386 1549 His
418 1512 605 1560 peractis
638 1512 813 1549 tandem
846 1512 972 1550 venio
1006 1513 1062 1549 ad
1093 1512 1139 1549 id
1171 1512 1287 1560 quod
1312 1511 1416 1550 mihi
1440 1502 1656 1561 proposui.⁷

167 1584 209 1621 in
243 1583 402 1621 Laertii
435 1584 579 1621 indice
611 1584 783 1621 titulum
816 1584 999 1633 legimus
1031 1580 1126 1631 περὶ
1159 1580 1310 1623 λέξεως
1341 1569 1406 1631 ᾶῖ.
1439 1594 1543 1622 num
1560 1583 1657 1632 quis

167 1659 290 1703 putat
320 1655 421 1692 libri
453 1655 516 1692 III
548 1656 698 1703 primis
720 1655 805 1692 XII
838 1655 1054 1703 capitibus
1076 1655 1172 1692 illos
1194 1655 1329 1692 libros
1352 1655 1459 1693 duos
1481 1655 1657 1693 effectos

166 1725 330 1764 fuisse?
376 1737 474 1764 mea
518 1727 693 1774 quidem
741 1727 956 1764 sententia
987 1726 1232 1764 Aristotelis
1264 1737 1372 1774 opus
1404 1726 1655 1776 genuinum,

166 1798 193 1834 i.
227 1809 263 1835 e.
303 1798 543 1846 perfeetum
582 1798 639 1834 ad
671 1798 844 1847 singula
875 1801 918 1835 et
950 1798 1220 1835 elaboratum
1252 1797 1308 1834 ab
1340 1797 1434 1845 ipso
1465 1816 1524 1822 —
1554 1807 1655 1834 nam

166 1863 429 1918 “genuinus''
462 1869 592 1906 etiam
624 1869 735 1906 liber
758 1868 821 1906 III
853 1872 918 1906 est
948 1889 1020 1914 ———,
1061 1869 1145 1906 fuit
1175 1865 1271 1916 περὶ
1304 1864 1455 1907 λέξεως
1486 1853 1557 1916 iffi,
1609 1867 1655 1906 id

166 1940 281 1988 quod
313 1944 406 1978 erat
437 1940 481 1977 in
505 1940 804 1978 Alexandrina
835 1940 1120 1988 bibliotheca3
1153 1940 1287 1978 nostri
1311 1943 1455 1978 autem
1476 1939 1578 1977 libri
1592 1939 1655 1977 III

165 2023 265 2060 pars
295 2012 424 2060 prior,
459 2012 550 2049 sive
583 2012 857 2049 Andronicus
890 2012 981 2049 sive
1014 2012 1124 2050 alius
1157 2012 1339 2060 quilibet
1370 2010 1654 2049 Aristoteleae

165 2083 269 2120 artis
301 2083 409 2120 rhet.
442 2093 599 2120 novam
631 2083 815 2120 formam
848 2083 1026 2129 creavit,
1071 2083 1167 2131 ipsa
1206 2093 1376 2131 quoque
1409 2082 1654 2120 Aristotelis

164 2151 259 2201 περὶ
292 2150 442 2193 λέξεως
474 2158 708 2202 praecepta
738 2154 943 2200 continet,
975 2155 1052 2192 sed
1082 2153 1137 2192 'ea
1168 2154 1383 2192 breviora.
1438 2154 1530 2191 sive
1562 2153 1654 2191 Ari-

165 2226 337 2263 stoteles
360 2226 451 2274 ipse
474 2226 691 2273 quondam
720 2226 827 2263 haec
856 2226 1147 2272 adumbravit,
1180 2229 1228 2263 ut
1248 2225 1475 2263 materiam
1497 2225 1654 2263 scholis

165 2297 376 2334 habendis
408 2301 594 2345 pararet,
645 2297 736 2334 sive
784 2297 900 2345 quod
948 2298 1130 2335 similius
1178 2297 1271 2335 veri
1318 2297 1424 2334 mihi
1465 2299 1530 2334 est
1561 2296 1654 2335 eius

164 2368 334 2405 auditor
366 2368 541 2416 quidam
581 2379 690 2416 quae
723 2372 979 2417 praeceptor
1009 2369 1194 2406 docebat
1225 2369 1382 2406 litteris
1412 2367 1652 2414 mandavit,

163 2439 311 2486 utique
358 2440 532 2487 plurimi
579 2440 848 2477 aestimanda
892 2444 992 2478 sunt
1023 2440 1147 2488 quasi
1179 2440 1464 2478 fundamenta
1495 2439 1653 2488 quibus
1680 2449 1689 2456 ’

163 2510 485 2558 Theophrastus
517 2511 769 2548 elocutionis
802 2515 939 2548 artem
973 2511 1278 2560 superstruxit.

306 2581 348 2619 Si
381 2586 496 2619 recte
529 2593 628 2631 pag.
647 2578 703 2619 26
726 2582 933 2620 Demetrii
966 2587 1186 2621 auctorem
1218 2583 1343 2620 alteri
1376 2594 1415 2620 a.
1433 2581 1531 2621 Chr.
1564 2564 1658 2620 sae·—

164 2653 260 2690 culo
304 2653 450 2699 tribui,
499 2653 803 2702 gravissimum
851 2658 1155 2703 argumentum
1203 2655 1365 2692 addere
1397 2654 1500 2692 licet
1530 2663 1652 2691 meae

165 2723 217 2760 de
256 2723 379 2761 libris
417 2724 602 2761 diversis
639 2722 733 2772 περὶ
766 2721 918 2764 λέξεως
950 2726 1251 2764 coniecturae:
1305 2726 1375 2763 hic
1407 2725 1522 2763 enim
1554 2735 1652 2762 ano-

163 2805 320 2841 nymus
352 2799 501 2832 auctor
533 2799 677 2832 nostro
708 2796 818 2833 libro
851 2796 913 2833 III
944 2804 1027 2833 non
1061 2797 1236 2834 videtur
1266 2807 1370 2835 usus
1402 2807 1512 2834 esse.

1791 2769 1826 3034 mma*
1820 2713 1826 2734 .,,
1818 2654 1824 2661 .
