1826 3034
835 203 1044 238 -22-

199 324 277 365 οὐκ
308 325 541 375 ἐπιχωρίως
573 325 848 375 ςφαιρίςαντα
887 324 1180 374 ἐμαςτίγωςεν·
1214 322 1352 378 τούτῳ
1383 323 1464 374 γὰρ
1504 323 1684 366 αὐτόθεν

199 399 329 451 μικρῷ
361 395 613 446 ἀκουςθῆναι
643 395 734 437 ὄντι
756 395 1128 450 ἐπιτραγῳδοῡμεν
1150 394 1207 436 ὡς
1236 395 1275 436 οἱ
1296 395 1348 436 τὰ
1370 395 1493 446 μικρὰ
1515 395 1683 446 πονηρὰ

199 466 272 517 ἔθη
306 467 457 508 ἐῶντες
490 467 595 508 ὁδὸν
634 469 722 507 τοῖς
755 466 906 517 μείζοςι
939 468 1143 517 πονηροῖς
1165 465 1473 515 ἀνοιγνύουςιν.
1520 467 1587 508 καὶ
1619 465 1685 508 ὅτι

199 538 267 580 ἐπὶ
306 540 395 579 τοῖς
427 540 630 589 μικροῖς
674 537 1074 589 παρανομήμαςι
1114 538 1192 588 χρὴ
1233 537 1425 580 κολάζειν
1465 539 1683 589 μᾶλλον,

200 609 277 651 οὐκ
308 610 375 650 ἐπὶ
406 611 494 650 τοῖς
527 608 740 660 μεγάλοις·
804 609 871 650 καὶ
902 609 978 659 τὴν
1010 609 1240 660 παροιμίαν
1272 608 1522 660 ἐποίςομεν1
1554 607 1684 660 ἀρχὴ

200 681 254 722 δέ
285 694 364 722 τοι
403 680 553 731 ἥμιςυ
593 680 808 730 παντός,
848 680 905 722 ὡς
946 680 1132 721 ἐοικυῖαν
1172 682 1300 721 τοῦτο
1339 680 1521 735 (μικρῷ2
1560 683 1683 736 κακῷ.

199 752 224 803 ἢ
257 752 323 793 καὶ
355 750 419 793 ὅτι
451 751 578 793 οὐδὲν
610 752 739 793 κακὸν
772 752 919 803 μικρόν
951 751 1070 792 ἐςτιν.
1132 755 1207 792 illa
1245 755 1447 804 emedio
1484 755 1684 804 Peripato

200 827 302 864 oriri
321 827 552 864 edocemur
568 826 812 864 Aristotelis
829 826 1107 864 Politicorum
1125 826 1243 871 locis,
1267 821 1378 863 1303
1400 826 1424 863 b
1442 822 1518 864 26:
1538 822 1685 874 διόπερ

199 894 448 945 ἀρχομένων
477 894 740 946 εὐλαβεῑςθαι
773 896 837 935 δεῖ
859 896 945 935 τῶν
967 893 1174 935 τοιούτων
1197 894 1263 935 καὶ
1286 892 1474 935 διαλύειν
1504 893 1686 938 τὰῑ.τιῖ>ν

199 965 418 1016 ἡγεμόνων
450 966 518 1006 καὶ
558 965 805 1017 δυναμένων
838 964 1014 1006 ςτάςεις·
1078 965 1124 1006 ἐν
1163 964 1270 1019 ἀρχῇ
1318 964 1398 1015 γὰρ
1437 964 1596 1014 γίνεται
1635 965 1685 1007 τὸ

199 1038 431 1089 ἁμάρτημα,
458 1038 483 1088 ἡ
517 1035 552 1078 δ’
577 1037 706 1089 ἀρχὴ
741 1037 948 1087 λέγεται
980 1037 1128 1088 ἥμιςυ
1162 1035 1299 1078 εἶναι
1331 1036 1548 1086 παντός,
1579 1035 1685 1078 ὥςτε

199 1110 248 1151 τὸ
280 1109 326 1150 ἐν
359 1108 464 1164 αὐτῇ
499 1109 646 1160 μικρὸν
679 1108 902 1160 ἁμάρτημα
934 1107 1150 1158 ἀνάλογόν
1183 1108 1265 1149 ἐςτι
1297 1108 1403 1159 πρὸς
1435 1107 1487 1149 τὰ
1518 1107 1564 1150 ἐν
1595 1110 1686 1150 τοῖς

200 1180 345 1222 ἄλλοις
379 1180 552 1231 μέρεςιν.
618 1180 727 1222 1307
753 1185 781 1221 b
804 1180 879 1221 30:
912 1179 958 1221 ἐν
990 1180 1064 1230 μὲν
1097 1178 1175 1220 οὖν
1207 1181 1297 1220 ταῖς
1338 1178 1384 1220 εὖ
1416 1178 1686 1230 κεκραμέναις

200 1252 427 1294 πολιτείαις
461 1251 598 1302 ὥςπερ
631 1250 738 1292 ἄλλο
770 1266 807 1292 τι
840 1253 903 1292 δεῖ
927 1253 1082 1302 τηρεῖν,
1115 1249 1232 1291 ὅπως
1265 1251 1425 1301 μηδὲν
1456 1263 1686 1301 παρανο-

201 1326 324 1375 μῶςι
364 1324 446 1364 καὶ
478 1320 696 1379 μάλιςτζα
727 1323 783 1364 τὸ
832 1323 1015 1373 μικρὸν
1063 1321 1311 1373 φυλάττειν·
1375 1320 1574 1363 λανθάνει
1605 1321 1686 1373 γὰρ

201 1395 476 1437 ὑπειςδύουςα
494 1395 519 1445 ἡ
538 1394 789 1446 παρανομία.
821 1419 878 1422 —
911 1398 1098 1445 (lenique
1119 1398 1254 1435 verbo
1278 1408 1443 1442 moneo,
1468 1408 1578 1445 quae
1603 1394 1687 1436 120

201 1471 254 1509 de
288 1471 444 1508 decoro
477 1474 576 1508 sunt
609 1470 738 1515 dieta,
773 1481 824 1507 ea
856 1480 1032 1518 prorsus
1055 1470 1200 1506 facere
1233 1479 1331 1506 cum
1353 1468 1484 1509 Arist.
1518 1472 1598 1506 art.
1621 1469 1686 1507 rh.

202 1538 314 1580 1408
338 1553 363 1579 a
387 1538 454 1587 10,
488 1553 598 1589 quae
634 1537 718 1578 124
751 1551 828 1589 sq„
863 1552 961 1578 cum
993 1544 1072 1578 art.
1106 1541 1170 1577 rh.
1207 1535 1320 1577 1413
1344 1551 1370 1577 a
1395 1535 1449 1577 19
1473 1550 1535 1588 sq.

343 1620 564 1672 Χαρακτὴρ
595 1619 827 1671 γλαφυρός.
889 1624 921 1661 Ι.
971 1619 1065 1670 περὶ
1097 1618 1292 1670 χαρίτων.

341 1708 395 1746 Π.
445 1709 498 1745 de
530 1708 677 1745 verbis
723 1703 1002 1754 (173—178).
1067 1718 1196 1754 quam
1229 1707 1283 1744 de
1331 1707 1565 1745 verborum
1597 1708 1686 1756 pul-

201 1780 445 1818 chritudine
484 1779 608 1816 affert
640 1779 925 1826 Theophrasti
967 1778 1272 1823 definitionem,
1314 1789 1365 1815 ca
1397 1778 1451 1815 ab
1492 1778 1585 1827 ipso
1618 1778 1687 1816 de-

199 1862 316 1889 mum
348 1851 391 1888 in
414 1851 527 1888 hune
550 1862 763 1888 conexum
786 1851 873 1887 lata
895 1854 978 1887 est:
1013 1846 1192 1897 ὼρίςατο
1223 1845 1259 1887 δ’
1284 1845 1391 1886 αὐτὰ
1414 1845 1686 1897 Θεόφραςτος

201 1917 353 1960 οὕτως·
401 1919 554 1960 κάλλος
587 1918 797 1969 ὀνόματός
830 1918 911 1959 ἐςτι
943 1918 992 1959 τὸ
1022 1918 1128 1969 πρὸς
1160 1918 1238 1968 τὴν
1260 1917 1392 1968 ἀκοὴν
1424 1918 1449 1969 ἢ
1482 1918 1587 1968 πρὸς
1610 1918 1686 1969 τὴν

200 1989 303 2041 ὄψιν
333 1991 412 2041 ἡδὺ
445 1991 470 2042 ἢ
504 1990 578 2045 [τὰ
612 1990 768 2044 delevi]
801 1994 849 2045 τῇ
884 1990 1050 2043 διανοίᾳ
1082 1989 1260 2040 ἔντιμον.
1312 1993 1465 2032 ultima
1495 2004 1581 2031 non
1613 1994 1687 2032 mi-

200 2077 280 2104 nus
313 2066 369 2104 ad
409 2067 637 2104 sublimem
676 2077 804 2113 quam
845 2066 901 2103 ad
941 2066 1184 2115 elegantem
1225 2066 1520 2103 characterem
1551 2086 1608 2090 —-
1639 2071 1687 2104 ut

201 2142 368 2174 taceam
406 2137 460 2175 de
492 2137 634 2174 medio
665 2157 723 2162 —-—
756 2141 952 2185 spectare
991 2137 1086 2174 luce
1127 2140 1191 2174 est
1224 2137 1401 2184 elarius3
1443 2136 1687 2186 Theophra-

202 2212 291 2246 stus
323 2209 457 2258 igitur
487 2209 532 2246 in
564 2209 644 2246 hoc
675 2208 996 2257 compositionis
1029 2219 1188 2257 genere
1220 2208 1437 2246 monuisse
1470 2208 1687 2256 putandus

201 2284 265 2317 est
295 2280 432 2317 verba
463 2280 644 2328 pulchra
677 2291 770 2317 esse
803 2279 1066 2324 adhibenda,
1101 2279 1293 2317 definitio
1326 2283 1470 2317 autem
1503 2279 1687 2328 pulchri·

201 2351 364 2389 tudinis
396 2351 456 2388 ibi
490 2352 544 2388 ab
578 2362 627 2388 eo
667 2352 767 2388 data
806 2355 911 2396 orat,
952 2351 1027 2388 ubi
1067 2351 1156 2400 egit
1194 2351 1247 2387 de
1285 2351 1518 2388 verborum
1556 2351 1687 2400 virtu-

202 2423 330 2460 tibus.
362 2443 421 2447 ——
456 2419 559 2461 176:
593 2418 707 2470 παρὰ
730 2419 776 2460 δὲ
798 2421 886 2460 τοῖς
919 2420 1129 2470 μουςικοῖς
1153 2418 1315 2468 λέγεταί
1347 2432 1384 2459 τι
1413 2417 1548 2470 ὄνομα
1571 2420 1687 2460 λεῖον

346 2583 359 2606 ¹
386 2585 488 2619 cod.:
515 2584 753 2627 ἐποιηςάμην,
781 2584 993 2619 Schenklio
1022 2588 1139 2629 teste3
1168 2595 1239 2619 em.
1267 2584 1590 2619 Hemsterhusius

345 2642 360 2666 2
385 2645 441 2678 sic
460 2644 544 2679 cod.
564 2644 688 2678 Paris.
707 2655 756 2678 111.
785 2647 867 2689 pr.;'
886 2645 1011 2688 τούτῳ
1027 2645 1080 2688 τῷ
1096 2647 1232 2688 (μικρῷ
1251 2655 1299 2678 m.
1320 2644 1404 2688 alt.;
1433 2643 1686 2679 Schenklius:

202 2705 323 2738 οὕτως
350 2707 483 2747 μικρῷ;
523 2714 599 2748 ego
624 2714 705 2737 non
734 2704 916 2748 expedio,
956 2704 1127 2738 fortasse
1153 2713 1293 2738 sensus
1329 2703 1556 2748 postulatur
1581 2702 1686 2738 idem

204 2765 271 2807 qui
298 2762 414 2798 Arist.
441 2763 522 2798 Pol.
551 2763 642 2798 1303
670 2764 693 2797 b
719 2763 783 2797 30:
824 2764 875 2797 ὡς
909 2762 1070 2797 ἐοικυίας
1094 2765 1162 2805 τῆς
1192 2763 1306 2806 ἀρχῆς
1331 2766 1455 2797 ξτοῦτο
1484 2762 1549 2807 [sc.
1577 2761 1686 2807 quod

204 2823 344 2859 attinet
370 2823 421 2858 ad
447 2823 490 2857 τὸ
518 2824 625 2865 ἤμιςυ
652 2824 746 2857 εἶναι
772 2822 923 2866 παντὸς]
958 2825 1094 2867 (μικρῷ
1122 2826 1224 2868 κακῷ
