1826 3034
814 154 1023 194 —36—

177 281 366 323 scholam
398 283 590 330 haberet,
624 287 799 332 propter
831 283 1050 321 auditores
1083 282 1305 330 quosdam,
1340 282 1375 320 si
1409 281 1482 330 qui
1504 284 1661 328 essent,

177 356 250 404 qui
282 356 423 394 minus
454 355 756 404 intellegerent
787 355 948 393 nudam
981 354 1292 402 definitione1n3
1327 353 1518 392 servavit
1538 348 1663 390 nobis

144 433 146 435 ’
176 438 288 465 unus
321 439 375 464 ex
408 426 724 465 auditoribusss.

319 498 436 547 Quae
470 509 566 536 cum
599 498 659 535 ita
691 498 788 542 sint,
822 497 971 545 procul
1005 497 1136 535 dubio
1168 497 1279 534 liber
1309 496 1373 534 III
1404 507 1490 534 non
1510 496 1662 534 ultimo

176 571 270 614 loco
316 569 588 607 adhibendus
636 569 717 605 erit
755 569 797 605 in
830 568 1168 606 reconstruendo
1200 567 1487 616 Theophrasti
1518 577 1662 616 opere,

178 641 280 679 dum
327 652 380 678 nc
428 640 723 689 superstitiose
771 627 862 677 eius
909 640 1105 677 ordinem
1144 650 1388 687 sequamur.
1450 642 1498 677 ut
1529 638 1663 682 TheO:

177 713 377 761 phrastus
409 712 546 760 primo
579 711 689 748 libro
723 711 813 760 egit
845 711 898 759 de
921 711 986 756 iis,
1022 722 1132 758 quae
1155 710 1378 756 elementis
1400 692 1662 756 acciderent,

177 784 239 821 sic
271 783 523 820 Aristotcles
555 782 705 830 primis
727 782 786 820 IV
819 783 1034 830 capitibus
1068 782 1120 819 de
1153 782 1218 819 his
1251 782 1352 819 solis
1383 781 1521 819 verba
1544 781 1663 820 facit.

178 855 323 892 verbis
356 849 379 891 ὁ
412 851 487 901 μὲν
527 849 605 891 οὖν
638 850 767 899 λόγοε
800 850 1034 891 ευντίθεται
1067 849 1112 890 ἐκ
1143 849 1324 890 τούτων·
1371 847 1454 890 {cn
1486 851 1523 890 δ’
1556 847 1664 900 ἀρχὴ

176 924 249 972 τῆς
282 922 432 964 λέξεως
464 922 513 962 τὸ
546 921 776 972 ἑλληνίζειν
807 921 937 974 (1407
958 936 984 962 a
1009 921 1078 973 19)
1110 925 1265 962 transit
1287 924 1343 961 ad
1369 924 1549 962 alteram
1571 934 1665 973 par-

177 1001 282 1034 tem:
317 997 370 1035 de
403 997 594 1034 oratione
628 997 846 1034 continua.

321 1067 439 1116 Quae
484 1069 628 1106 adhuc
674 1068 871 1113 disserui,
925 1068 981 1105 ad
1019 1071 1321 1117 argumentum
1354 1063 1672 1121 Theophrastei¹

180 1140 321 1188 operis
354 1140 701 1177 adumbrandum
734 1139 878 1177 facere
910 1139 1014 1176 mihi
1046 1139 1330 1186 videbantur3
1377 1149 1518 1186 neque
1551 1137 1666 1176 enim

179 1211 283 1248 mihi
316 1221 623 1259 proposueram
656 1211 735 1248 hoc
767 1211 861 1248 1000
894 1211 1111 1260 colligere,
1146 1220 1495 1258 quaecumque
1527 1220 1583 1247 ex
1615 1219 1665 1247 eo

179 1281 355 1319 fluxisse
386 1282 654 1320 viderentur.
686 1303 745 1306 —
776 1282 927 1319 addidi
960 1282 1311 1329 quaestiunculas
1344 1281 1451 1319 duas
1473 1280 1530 1318 ad
1550 1280 1667 1318 idem

179 1363 285 1400 opus
318 1357 576 1402 spectantes,
610 1353 939 1402 grammaticam
963 1353 1156 1398 alteram,
1190 1353 1369 1391 alteram
1394 1352 1666 1390 rhetoricam.

599 1573 667 1616 De
700 1573 948 1617 elementis
985 1574 1238 1617 orationis.

318 1709 489 1748 Certum
513 1710 824 1748 elementorum
847 1710 1054 1748 orationis
1076 1720 1303 1748 numerum
1327 1721 1352 1746 a
1369 1709 1666 1758 Theophrasto
1718 1750 1724 1759 ,

177 1781 455 1819 constitutum
503 1792 588 1818 non
638 1781 833 1818 indicant
866 1780 1076 1830 Simplicii
1123 1781 1260 1818 verba
1306 1776 1490 1827 πότερον
1530 1774 1667 1827 ὄνομα

176 1848 243 1888 καὶ
280 1847 390 1899 ῥῆμα
426 1850 502 1889 τοῦ
545 1848 676 1898 λόγου
710 1850 894 1899 ετοιχεῑα
926 1849 950 1899 ἢ
984 1849 1050 1889 καὶ
1083 1847 1219 1899 ἄρθρα
1250 1848 1317 1888 καὶ
1349 1846 1567 1899 εύνδεεμοι
1599 1847 1666 1888 καὶ

177 1918 286 1960 ἄλλα
316 1919 427 1961 τινά·
490 1919 640 1962 λέξεως
689 1920 735 1960 δὲ
778 1920 845 1960 καὶ
875 1921 1009 1960 ταῦτα
1042 1919 1156 1971 μέρη,
1189 1918 1320 1968 λόγου
1353 1919 1399 1959 δὲ
1431 1916 1569 1970 ὄνομα
1599 1919 1667 1959 καὶ
1731 1952 1734 1960 .

176 1990 297 2042 ῥῆμα.
345 1999 514 2032 tantum
546 2006 602 2032 ex
635 1995 687 2031 iis
721 1994 942 2044 colligitur
975 1995 1028 2032 de
1061 1994 1260 2043 pluribus
1292 1994 1364 2043 agi
1397 2003 1526 2041 quam
1549 1996 1668 2041 quat-

177 2069 298 2114 tuor3
347 2066 565 2114 postulant
612 2065 822 2114 Simplicii
870 2066 1007 2103 verba
1037 2062 1120 2114 (καὶ
1161 2060 1270 2102 ἄλλα
1301 2060 1411 2113 τινά)
1441 2057 1668 2114 minimum

320 2251 339 2271 ²*
367 2250 535 2286 Omnino
577 2250 820 2285 omittendus
859 2250 953 2284 mihi
992 2249 1208 2285 videbatur
1247 2250 1359 2285 locus
1399 2259 1518 2295 quem
1552 2249 1669 2285 affert

177 2309 414 2356 Anonymus
432 2310 449 2344 I
466 2310 536 2345 439
555 2308 608 2355 Sp
636 2310 709 2351 (uti
735 2309 829 2344 mihi
855 2310 1001 2344 licebat
1028 2309 1204 2344 editione
1228 2308 1523 2354 Graeveniana,
1562 2318 1669 2355 quae

179 2370 292 2404 brevi
318 2370 358 2403 in
385 2370 513 2404 lucem
541 2370 716 2414 prodibit
742 2379 770 2404 s.
798 2373 823 2404 t.
850 2368 1043 2405 “Cornuti
1071 2369 1169 2404 artis
1193 2369 1291 2404 rhet.
1319 2369 1549 2415 epitome''):
1585 2370 1668 2413 περὶ

181 2428 305 2470 μέντοι
330 2428 524 2471 (υντομίαε
541 2429 798 2472 Ἀριετοτέλη(
817 2428 1012 2472 ἐφίετηειν.
1055 2428 1086 2463 εἰ
1103 2428 1173 2472 γάρ
1193 2429 1277 2472 ἐστι,
1304 2428 1425 2473 φηείν,
1451 2429 1474 2471 ἡ
1495 2427 1670 2472 (υντομία

179 2487 378 2531 ευμμετρία
414 2491 481 2531 τῆς
515 2488 606 2531 μήτε
644 2489 941 2531 παραλειπούεηε
972 2499 1008 2522 τι
1032 2491 1112 2523 τῶν
1144 2487 1358 2530 ἀναγκαίων
1388 2488 1482 2531 μήτε
1512 2490 1669 2523 πλεονα-

177 2548 318 2590 ζούεηε,
357 2547 470 2590 ἀρετὴ
497 2547 700 2590 γενήεεται.
752 2547 783 2582 εἰ
810 2548 840 2582 δ’
868 2548 963 2582 {ci-lv
990 2548 1113 2591 ὥςπερ
1139 2548 1261 2582 ἔνδεια
1286 2550 1354 2590 τῆς
1379 2547 1670 2591 ὑπερβαινούεηε

177 2617 212 2641 τι
249 2609 327 2640 τῶν
362 2606 558 2650 χρηείμων,
597 2607 637 2640 ἑν
674 2610 754 2640 ταῖς
792 2606 935 2641 κακίαις
974 2608 1115 2649 μᾶλλον
1147 2606 1379 2650 ταχθήεεται.
1431 2605 1671 2652 Spengelius

180 2666 319 2710 (praef.
347 2676 384 2710 p.
412 2664 556 2707 XXIX)
584 2665 635 2698 ad
663 2669 735 2699 art.
762 2665 819 2699 rh.
846 2665 902 2700 III
930 2666 974 2700 16
1005 2667 1139 2710 refert,
1178 2666 1248 2700 ubi
1280 2666 1386 2700 idem
1424 2666 1671 2711 praecipitur

181 2725 315 2759 verbis
341 2734 504 2769 prorsus
531 2724 627 2758 aliis.
667 2728 836 2769 apparet
861 2728 996 2760 autem
1023 2725 1087 2760 vel
1115 2735 1166 2759 ex
1189 2735 1374 2761 sermone
1391 2725 1457 2760 illo
1475 2725 1564 2760 loco
1583 2725 1672 2770 ipsa

179 2783 305 2819 verba
330 2782 554 2818 Aristotelis
580 2794 659 2818 non
687 2784 840 2818 referri.
1654 2777 1659 2783 ”
