1826 3034
161 246 459 300 paragraphus
491 244 609 297 (190)
642 249 744 286 data
776 252 840 286 est
871 247 931 299 τῷ
964 244 1010 286 ἐν
1041 242 1277 295 πράγμαειν
1307 240 1443 299 ἰεχνῷ.
1480 268 1528 273 ——
1565 242 1647 286 δει-

161 318 235 360 νὸς
266 316 521 366 240--301;
555 316 604 357 τὸ
636 315 682 356 ἐν
714 314 924 367 πράγμαει
956 315 1098 357 δεινὸν
1129 319 1402 369 paragrapho
1420 314 1507 356 24Ο
1538 323 1651 357 1Γαο-’

160 396 290 431 tatur.
342 393 387 429 in
420 392 486 429 his
517 391 651 441 igitur
672 391 810 428 tribus
843 390 1167 428 characteribus
1193 401 1280 428 non
1300 389 1502 436 habebat,
1535 401 1647 438 quae

161 464 370 502 scriberet
403 463 455 500 (16
488 463 631 508 rebus,
665 462 709 500 in
741 460 949 513 γλαφυρῷ
971 461 1089 500 felici
1111 472 1215 500 casu
1237 462 1495 511 suppetebat
1521 462 1646 508 liber,

161 546 289 584 quem
306 534 572 572 exscriberet
588 554 646 558 -——
663 533 768 582 quid
785 533 966 571 similius
984 537 1048 571 est
1064 533 1171 579 veri,
1194 543 1324 581 quam
1341 543 1451 582 quae
1468 533 1648 582 praebet

162 607 218 644 ad
268 602 378 644 λέξιν
425 609 467 643 61
506 605 563 643 ad
594 600 782 642 (ύνθεειν
813 605 1092 642 illustrandas
1124 605 1269 642 omnia
1299 607 1472 653 praeter
1502 604 1646 653 inepte

161 677 407 727 excogitata
440 681 482 714 et
513 680 685 725 praeter
717 677 918 725 exempla
949 687 1088 725 pauca
1119 687 1218 714 eum
1251 676 1410 714 debere
1431 676 1526 725 ipsa
1547 687 1647 724 quo—

161 759 243 796 que
277 748 475 796 scriptori
508 748 682 786 cuidam
714 748 767 786 (16
800 748 866 785 1115
899 748 1003 786 satis
1036 748 1221 796 copioso,
1255 741 1332 786 sed
1364 748 1418 786 (16
1443 748 1508 785 1115
1531 747 1645 794 solis,

160 831 244 857 non
277 820 330 857 de
363 818 521 857 rebus‘?
575 830 674 856 nam
707 819 799 867 ipse
833 819 867 856 si
900 819 1342 868 quantulumcumque
1380 818 1484 856 boni
1523 829 1647 856 exco—

160 891 351 940 gitasset,
399 884 613 939 profecto
641 891 771 928 etiam
819 894 866 928 ut
913 890 966 928 dc
1014 891 1143 928 rebus
1175 891 1300 939 plura
1330 890 1560 939 praeberet
1590 890 1646 927 ab

159 962 332 1011 ingenio
365 973 440 999 suo
473 962 758 1010 impetrasset.

301 1032 511 1082 Quartum
541 1033 749 1070 Demetrii
784 1034 1036 1071 charactera
1067 1034 1313 1072 accuratius
1346 1033 1646 1082 inspiciamus:

160 1104 265 1152 quid
304 1116 463 1152 quaeso
504 1110 568 1142 cst
606 1105 698 1142 eius
731 1101 951 1152 δεινότηεὶ)
997 1105 1196 1143 ultimum
1228 1106 1268 1143 61
1300 1106 1442 1143 locum
1473 1105 1646 1144 tribuit:

162 1176 224 1214 sic
256 1176 488 1225 Dionysius
520 1176 864 1222 Demosthenem,
898 1173 974 1214 τὸν
1005 1175 1081 1214 τοῦ
1115 1173 1253 1223 λέγειν
1285 1172 1542 1222 δεινότατον,
1573 1176 1648 1226 qui

159 1258 216 1284 ex
263 1248 462 1285 omnibus
511 1247 684 1285 dicendi
717 1248 950 1297 generibus
982 1249 1144 1297 optima
1176 1249 1320 1299 elegit,
1369 1252 1522 1297 quarto
1553 1248 1648 1286 1060

160 1319 382 1364 describit,
421 1322 517 1367 post
548 1314 729 1365 ὑψηλόν,
763 1315 915 1367 ἰεχνόν,
949 1316 1090 1367 μέεον;
1144 1319 1292 1359 Cicero
1324 1317 1401 1368 (or.
1435 1315 1508 1368 99)
1537 1322 1648 1368 post-

160 1400 290 1438 quam
322 1390 458 1427 verba
489 1391 592 1428 fecit
625 1391 678 1428 (16
712 1391 952 1437 5111111111550,
1003 1392 1056 1429 de
1089 1395 1340 1441 temperato,
1375 1390 1561 1439 denique
1593 1390 1647 1428 de

158 1462 329 1510 copioso
361 1462 571 1511 gravique
604 1466 787 1508 oratore,
820 1467 973 1510 quarto
1005 1464 1099 1501 loco
1127 1466 1286 1501 tractat
1318 1463 1648 1511 eloquentem

157 1527 255 1580 “qui
303 1537 344 1571 et
391 1533 570 1570 humilia
617 1533 834 1571 subtiliter
881 1538 923 1571 et
970 1534 1058 1572 alta
1105 1535 1317 1584 graviter.
1337 1537 1380 1572 et
1411 1533 1649 1572 mediocria

156 1608 392 1653 temperate
440 1608 580 1653 potest
628 1600 820 1652 dicerc”;
869 1605 1166 1655 Hermogenes
1198 1610 1295 1655 post
1327 1609 1495 1643 ceteras
1526 1599 1677 1643 ideas'
1720 1623 1723 1633 r

157 1676 335 1724 exponit
366 1672 598 1723 δεινότητα,
631 1676 672 1714 ΙΙ
705 1672 790 1714 338
824 1676 902 1725 Sp:
935 1673 960 1723 ἡ
993 1673 1185 1724 δεινότης
1217 1673 1242 1724 ἡ
1275 1673 1371 1725 περὶ
1401 1672 1478 1714 τὸν
1515 1671 1648 1722 λόγον

157 1741 240 1784 ἕετι
287 1744 361 1794 μὲν
409 1743 497 1785 κατ’
540 1743 643 1794 ἐμὴν
680 1743 854 1796 γνώμην
878 1778 885 1785 .
908 1778 915 1786 .
939 1778 946 1786 .
969 1747 1108 1796 χρῆει(
1142 1743 1246 1796 ὀρθὴ
1279 1743 1454 1786 πάντων
1485 1744 1572 1784 τῶν
1602 1755 1647 1784 τε

155 1815 474 1866 προειρημένων
503 1814 628 1856 εἰδῶν
660 1817 737 1856 τοῦ
772 1815 902 1865 λόγου
936 1817 1003 1857 καὶ
1035 1818 1122 1858 τῶν
1154 1815 1362 1858 ἐναντίων
1393 1814 1541 1856 αὐτοῖς
1562 1815 1648 1857 κτλ.

156 1890 255 1927 talis
287 1889 493 1927 Demetrii
541 1901 710 1938 quoquc
743 1886 935 1938 δεινότης
965 1891 1105 1940 primo
1139 1892 1293 1930 obtutu
1324 1891 1500 1928 videtur
1531 1900 1645 1927 esse:

155 1959 466 1999 Demosthenes
514 1961 558 1999 in
605 1962 685 1999 hoc
734 1963 984 2000 charactere
1031 1963 1129 2011 plus
1162 1963 1307 2001 decies
1338 1963 1554 2008 laudatur,
1603 1961 1647 1998 in

157 2033 312 2070 ceteris
358 2033 403 2071 ni
449 2034 577 2071 fallor
624 2034 791 2072 duobus
823 2038 990 2072 tantum
1022 2034 1128 2072 locis
1161 2038 1204 2072 et
1234 2044 1320 2072 uno
1353 2033 1529 2082 quidem
1559 2028 1648 2082 (80)

157 2103 245 2149 tali,
294 2104 367 2151 qui
399 2115 484 2142 non
517 2105 746 2142 cohaereat
774 2116 876 2160 *cum
909 2106 1173 2151 charactere,
1209 2106 1262 2143 de
1293 2116 1378 2154 quo
1410 2105 1471 2143 ibi
1503 2104 1648 2154 agitur

155 2171 226 2221 (de
258 2176 532 2223 metaphoriS,
568 2172 776 2224 78—90);
810 2180 1037 2225 praeterea
1066 2177 1203 2215 multa
1235 2180 1502 2226 repetuntur,
1536 2186 1647 2224 quae

158 2245 275 2282 dicta
307 2250 428 2284 erant
461 2247 514 2284 de
546 2247 763 2295 prioribus
786 2248 1110 2286 characteribus
1132 2246 1204 2297 (cf.
1228 2244 1315 2285 240
1332 2252 1375 2286 61
1393 2243 1468 2296 75;
1501 2242 1649 2284 241-

157 2312 243 2353 242
275 2321 317 2354 61
351 2314 453 2366 102;
493 2314 578 2356 243
613 2323 654 2356 et
686 2315 772 2356 222
805 2323 847 2357 61
879 2315 955 2367 99;
1004 2315 1239 2358 253-254
1271 2324 1314 2358 61
1345 2315 1433 2358 264
1465 2323 1507 2357 61
1537 2314 1645 2367 222;

157 2382 240 2425 257
275 2392 317 2425 et
352 2385 455 2437 1213
490 2386 575 2427 259
609 2394 651 2428 et
686 2387 789 2438 1703
823 2387 909 2428 262
943 2395 984 2429 ct
1019 2388 1102 2430 128
1136 2395 1178 2430 61
1213 2387 1297 2429 130
1329 2387 1494 2437 61152,
1527 2386 1646 2439 etc.);

157 2459 333 2507 egregie
365 2460 496 2497 etiam
528 2461 744 2508 quadrant
775 2462 911 2499 verba
943 2460 1163 2510 πειρᾶεθαι
1195 2458 1316 2500 δὲτὰ
1337 2457 1527 2510 ὀνόματα
1550 2470 1647 2509 πρε-

157 2525 326 2567 πόντως
360 2527 496 2576 λέγειν
527 2530 617 2568 τοῖς
650 2528 884 2580 πράγμαειν
906 2530 1037 2584 (276),
1071 2534 1232 2583 quippe
1265 2534 1380 2582 quod
1412 2545 1498 2571 non
1519 2533 1648 2571 unius

159 2600 419 2639 characteris
451 2603 517 2648 sit,
551 2603 628 2639 scd
658 2604 860 2650 omnium,
894 2605 1108 2653 imprimis
1141 2612 1286 2644 autem
1317 2605 1501 2654 perfecti
1532 2605 1648 2643 illius

157 2668 228 2717 (cf.
262 2672 391 2710 etiam
424 2672 628 2722 Hcrmog.
662 2674 703 2711 Π
725 2670 811 2712 396
834 2673 908 2724 Sp)
938 2697 997 2700 ——
1028 2677 1115 2714 iam
1149 2677 1370 2726 deficiunt,
1404 2687 1514 2725 quae
1552 2686 1648 2714 con-

158 2748 335 2790 gruant:
370 2744 491 2780 addit
523 2744 765 2783 Demetrius
799 2741 892 2784 οἷον
926 2743 994 2785 ἐπὶ
1027 2744 1102 2795 μὲν
1127 2746 1204 2785 τοῦ
1230 2744 1297 2798 βίᾳ
1319 2744 1385 2785 καὶ
1407 2743 1647 2800 πανουργίᾳ
