1826 3034
829 165 1038 202 „32-

192 291 306 331 inter
351 302 396 330 se
443 295 530 330 tres
574 291 669 330 illos
701 294 924 337 tractatus,
958 290 1139 329 inseruit
1170 289 1307 328 verba
1341 284 1498 329 130310
1530 283 1676 328 6--15

194 368 237 402 et
271 359 428 402 1414a
458 359 677 401 29—30*.

331 434 434 473 Dixi
465 434 700 483 Hermippo
738 434 930 472 nondum
962 437 1107 471 notam
1139 433 1274 471 fuisse
1305 433 1435 471 trium
1466 433 1678 473 librorum

191 511 341 552 artem,
390 517 488 544 cum
535 506 760 554 amplexus
801 516 1072 543 communem
1102 505 1296 543 virorum
1327 505 1552 543 doctorum
1585 515 1678 543 sen-
1738 506 1741 510 '

190 578 370 616 tentiam
402 577 458 615 ad
489 577 773 626 Hermippum
802 577 1011 615 referrem
1041 576 1318 614 Laertianum
1348 576 1593 615 Aristotelis
1631 575 1678 614 li-

192 650 367 687 brorum
400 649 588 686 indicem
619 643 713 695 (782
753 644 902 695 τέχνη(
936 643 1156 696 ῥητορικῆς
1188 634 1260 695 ἇρξ
1293 643 1370 686 87:
1404 644 1499 695 περὶ
1524 643 1676 687 λέξεως

192 707 274 768 ἇβ).
323 721 400 758 sed
431 720 593 758 labitur
625 720 873 758 coniectura
903 731 1012 765 mea,
1047 720 1083 760 si
1114 719 1410 762 intercedente
1428 718 1676 757 Andronico

190 791 414 840 Hermippi
461 792 595 828 index
642 791 766 828 nobis
808 795 1005 828 servatus
1037 794 1115 828 cst.
1177 790 1365 828 Dielsius
1396 787 1575 838 (Archiv
1606 790 1677 828 fiir

190 862 344 901 Gesch.
379 863 419 900 d.
452 862 609 900 Philos.
642 862 662 900 I
693 858 816 910 484):
877 857 979 900 “Die
1026 862 1358 912 urspriingliche
1406 861 1677 912 Anordnung

190 935 268 972 der
298 934 784 984 Bibliothekskataloge,
818 934 899 972 wie
933 934 993 971 sie
1025 934 1318 971 Kallimachos
1356 930 1556 983 gegeben
1585 934 1677 988 und

189 1005 398 1055 Hermipp
446 1006 490 1043 in
537 1006 654 1044 seine
697 1002 785 1043 Βίοι
833 1006 1165 1055 ausgenommen
1213 1006 1364 1051 hatte„
1393 1005 1559 1043 scheint
1605 1005 1676 1043 die

190 1077 513 1126 alphabetische
545 1085 748 1127 gewesen
781 1088 835 1115 zu
867 1077 972 1115 sein.
1035 1077 1162 1115 Diese
1197 1076 1363 1115 Gestalt
1394 1077 1537 1114 haben
1569 1087 1606 1114 z.
1627 1076 1675 1114 Β.

190 1148 259 1187 die
306 1149 705 1197 theophrastischen
737 1149 1063 1187 Verzeichnisse
1110 1149 1180 1186 bei
1228 1148 1420 1186 Laertios
1466 1148 1675 1187 bewahrt.

188 1219 397 1270 Dagegen
429 1221 581 1270 zeigen
615 1221 684 1258 die
707 1221 957 1258 erhaltenen
980 1220 1324 1258 aristotelisehen
1346 1219 1519 1258 Indices
1542 1223 1675 1269 syste-

187 1291 396 1329 matische
428 1292 712 1341 Anordnung,
747 1292 817 1329 die
848 1303 933 1329 von
964 1292 1104 1330 einem
1126 1291 1403 1329 Fachmanne
1425 1288 1509 1340 (ich
1533 1291 1676 1334 denke

188 1374 243 1401 an
266 1360 557 1410 Andronikos)
589 1363 882 1401 herzuriihren
914 1357 1119 1400 scheint.’'
1165 1363 1245 1400 hoc
1276 1373 1444 1411 nequeo
1475 1362 1674 1411 probare.

187 1434 374 1483 primum
406 1435 521 1472 enim
554 1434 669 1482 quod
692 1434 745 1472 de
774 1434 1058 1483 Theophrasti
1082 1434 1301 1472 indicibus
1316 1434 1488 1482 vmonuit
1509 1433 1676 1472 Vsener

187 1503 328 1553 (Anal.
361 1505 575 1554 Theophr.
607 1502 692 1554 22),
741 1506 856 1544 idem
895 1507 1012 1543 valet
1052 1506 1096 1543 in
1129 1505 1424 1544 Aristotelico:
1472 1505 1675 1554 quoniam

189 1578 347 1616 scimus
370 1578 666 1616 Andronicum
689 1578 966 1615 coniunxisse
988 1573 1061 1615 τὰ(
1094 1573 1247 1615 οἰκεία(
1279 1573 1507 1623 ὑποθέεειε,
1535 1577 1675 1616 nostri

188 1649 366 1695 indices,
415 1650 575 1698 quippe
608 1649 681 1697 qui
715 1649 907 1699 singulos
941 1660 1068 1698 saepe
1101 1653 1312 1687 tractatus
1344 1649 1582 1698 praebeant
1614 1659 1675 1687 se-

188 1725 374 1769 paratos,
406 1732 504 1759 cum
536 1722 666 1759 etiam
698 1722 742 1759 in
773 1722 931 1759 nostris
964 1721 1188 1759 codicibus
1221 1720 1439 1759 coniuncti
1471 1720 1516 1758 in
1543 1731 1675 1759 unam

188 1793 476 1842 pragmatiam
507 1794 720 1843 legantur,
754 1804 840 1830 non
872 1797 971 1831 sunt
998 1793 1250 1831 Andronici.
1299 1792 1456 1830 deinde
1478 1791 1674 1831 Laertius

188 1865 360 1903 titulum
406 1865 586 1913 praebet
622 1861 710 1914 (59)
740 1861 792 1902 τὰ
824 1861 906 1912 πρὸ
939 1863 1026 1903 τῶν
1057 1861 1202 1902 τόπων
1235 1859 1271 1910 ἇ,
1319 1864 1394 1912 qui
1424 1847 1672 1902 Andronico

189 1935 466 1984 displicebat3
501 1935 649 1985 Simpl.
682 1937 726 1974 in
759 1940 898 1987 catcg.
931 1933 999 1985 (81
1036 1948 1061 1974 a
1092 1933 1148 1974 25
1182 1936 1249 1974 ed.
1279 1932 1439 1984 acad.):
1472 1931 1674 1983 Ζητητὲον

187 2003 226 2044 τί
259 2003 416 2054 δήποτε
448 2003 516 2045 ἐπὶ
547 2008 607 2059 τῷ
639 2004 747 2046 τέλει
779 2006 865 2046 τῶν
900 2004 1170 2055 Κατηγοριῶν
1202 2005 1335 2045 ταῦτα
1357 2002 1673 2054 πρόεκειται...

187 2075 296 2117 τινἐ(
344 2076 418 2126 μὲν
456 2075 535 2127 γὰρ
584 2074 645 2117 ὧν
691 2076 758 2117 καὶ
790 2074 1059 2127 Ἀνδρόνικος
1106 2075 1189 2117 ἐετι
1221 2075 1335 2126 παρὰ
1367 2075 1444 2127 τὴν
1475 2075 1673 2127 πρόθεειν

188 2148 263 2188 τοῦ
314 2147 473 2199 βιβλίου
513 2147 778 2198 προεκεῑεθαί
810 2161 937 2199 φαειν
970 2147 1054 2188 ὑπό
1086 2151 1200 2188 τινος
1232 2149 1365 2188 ταῦτα
1396 2149 1471 2188 τοῦ
1505 2147 1554 2189 τὸ
1586 2149 1673 2199 τῷν

190 2218 459 2269 Κατηγοριῶν
494 2219 653 2270 βιβλίον
685 2219 780 2270 Πρὸ
812 2221 898 2261 τῶν
930 2218 1076 2260 τόπων
1114 2218 1496 2270 ἐπιγράψαντοε**.
1530 2243 1587 2248 -—
1618 2233 1672 2260 ne

331 2431 350 2452 ἵ·
377 2431 606 2467 Transitum
640 2432 706 2478 qui
741 2435 798 2467 cst
826 2431 917 2467 1403
944 2443 967 2467 a
985 2431 1031 2467 34
1058 2451 1100 2456 —-
1127 2431 1152 2467 b
1172 2432 1194 2467 2
1227 2442 1308 2467 non
1346 2432 1479 2467 tribuo
1518 2430 1673 2467 Andro-

189 2491 290 2534 nien,
318 2492 433 2526 sicuti
461 2491 747 2535 confusionem,
775 2502 895 2536 quam
922 2493 963 2526 in
989 2492 1089 2526 libro
1109 2492 1146 2527 ΙΙ
1173 2492 1325 2527 detexit
1344 2491 1593 2538 Spengelius,
1620 2492 1672 2527 ab

190 2550 274 2584 eius
302 2551 475 2585 editione
502 2551 673 2585 alienam
701 2552 825 2586 fuisse
849 2555 957 2596 puto.

310 2609 350 2629 ⁷⁶⁹⁶
376 2609 446 2643 His
474 2611 711 2655 computatis
730 2622 810 2645 non
829 2622 991 2656 possum
1010 2622 1091 2646 non
1109 2612 1271 2655 reicere,
1299 2611 1407 2656 quod
1427 2610 1673 2656 Bai-naysius

190 2667 284 2702 dicit
315 2668 499 2714 (Dialoge
526 2680 561 2714 p.
590 2670 690 2711 134):
728 2669 1000 2705 “Ausserdem
1034 2672 1184 2716 spricht
1215 2672 1281 2706 fiir
1317 2671 1380 2706 die
1412 2669 1673 2714 Autorschaft

190 2727 259 2761 des
285 2726 542 2763 Andronikos
575 2729 645 2762 der
672 2728 751 2773 Ort,
791 2740 843 2764 an
881 2731 1069 2765 wolchem
1106 2731 1169 2765 dic
1195 2730 1468 2775 Kategorieen
1497 2729 1582 2764 und
1608 2729 1672 2764 (lie

189 2784 334 2821 Schrift
358 2787 451 2830 Περὶ
479 2787 671 2830 ἑρμηνεία(
697 2789 932 2833 ausgei'iihrt
963 2790 1068 2834 sind5
1109 2791 1164 2824 si(²
1199 2790 1336 2824 stehen
1364 2790 1442 2824 fast-
1468 2799 1531 2823 am
1559 2788 1671 2823 Ende
