1826 3034
790 153 1024 188 -44-

306 277 397 315 Nee
428 277 674 326 Simplicius
707 278 851 315 omnia
887 278 1041 316 refert:
1089 278 1134 315 in
1160 278 1254 316 ‘fine
1294 278 1537 316 necessario
1562 278 1649 316 ‘ad-

165 349 315 386 demus
340 346 395 401 τὸ
428 346 602 396 πρέπον.
664 353 890 398 praetere-a
921 361 947 386 a
978 350 1145 387 duobus
1178 350 1384 388 traditum
1417 353 1483 387 est
1513 349 1648 388 Theo-

163 420 385 468 phrastum
418 421 557 470 egisse
591 422 644 459 de
676 421 823 458 verbis
855 421 1059 469 pulchris,
1098 431 1208 468 quae
1240 421 1466 470 pulchram
1498 420 1647 459 redde*

163 495 259 528 rent
291 496 423 529 totam
456 492 755 530 elocutionem.
802 492 941 530 Dion.
977 492 1030 529 de
1063 503 1099 529 c.
1131 503 1174 529 v,
1210 488 1277 529 16.
1314 488 1486 537 100,·12
1498 506 1507 530 :
1540 489 1648 540 φημὶ

164 559 213 609 δὴ
246 559 321 600 τὸν
356 560 615 611 βουλόμενον
648 559 895 611 ἑργάςαςθαι
935 560 1046 602 λέξιν
1078 560 1210 610 καλὴν
1243 559 1288 601 ἐν
1319 563 1379 615 τῷ
1412 560 1648 602 ςυντιθέναι

163 630 236 672 τὰς
269 630 429 682 φωνάς,
463 630 538 672 ὅςα
570 631 842 681 καλλιλογίαν
874 631 926 682 ἣ1
960 631 1325 682 μεγαλοπρέπειαν
1357 631 1382 682 ἢ
1414 622 1647 683 ςεμνότητα

130 708 131 714 ’
162 702 435 753 περιείληφεν
468 702 668 753 ὀνόματα,
714 702 770 744 εἰς
802 702 968 744 ταύτὸ2
1005 694 1225 752 ςυνόιγειν.Ι
1273 702 1432 753 εἴρηται
1470 703 1516 744 δέ
1552 716 1647 745 τινα

162 774 255 824 περὶ
287 773 452 815 τούτων
483 774 550 815 καὶ
573 774 832 828 Θεοφράςτῳ
855 778 916 829 τῷ
944 774 1169 829 φιλοςόφῳ
1202 774 1447 824 κοινότερον
1479 774 1525 816 ἐν
1556 777 1645 816 τοῖς

161 845 256 896 περὶ
289 845 451 894 λέξεως,
499 845 600 886 ἔνθα
639 845 766 897 ὁρίζει
803 846 898 887 τίνα
932 846 1126 897 »ὀνόματα
1163 845 1285 897 φύςει
1318 845 1424 887 καλά
1456 848 1540 887 κτλ.
1571 847 1644 898 (cf.

162 931 291 969 supra
314 932 354 969 p.
372 916 435 971 5);
470 921 563 969 ipsa
581 921 867 969 Theophrasti
889 922 1026 958 verba
1048 921 1256 958 debemus
1273 921 1491 958 Demetrio
1507 917 1644 970 (173):

161 990 273 1029 ποιεῖ
305 989 350 1028 δὲ
383 987 555 1039 εὔχαριν
586 989 663 1038 τὴν
703 988 926 1039 ἑρμηνείαν
964 989 1031 1029 καὶ
1068 988 1119 1029 τὰ
1159 989 1365 1039 λεγόμενα
1402 989 1509 1030 καλὰ
1547 988 1644 1031 ὀνό-

159 1073 278 1110 ματα.
332 1059 510 1110 ὡρίςατο
541 1058 579 1114 ,δ’
614 1059 721 1100 αὐτὰ
754 1059 1027 1111 Θεόφραςτος
1060 1058 1214 1100 οὕτως·
1247 1059 1400 1101 κάλλος
1433 1058 1644 1111 ὀνόματός

158 1132 240 1172 ἐςτι
271 1131 320 1172 τὸ
353 1132 458 1182 πρὸς
490 1131 566 1181 τὴν
598 1130 732 1182 ἀκοὴν
763 1132 787 1182 ἢ
821 1132 926 1182 πρὸς
959 1132 1035 1182 τὴν
1068 1130 1171 1182 ὄψιν
1202 1131 1281 1181 ἡδὺ
1314 1132 1339 1182 ἢ
1371 1130 1452 1185 [τὸ]
1472 1135 1531 1187 -τῇ
1555 1135 1642 1173 δια-

158 1203 254 1256 νοίᾳ
277 1202 455 1253 ἔντιμον.
497 1218 595 1244 011111
618 1211 773 1256 agatur
796 1207 848 1244 de
872 1208 1104 1244 verborum
1127 1211 1295 1244 tantum
1317 1192 1492 1252 virtute,
1526 1210 1643 1245 certe

158 1278 453 1326 Theophrasto
494 1278 732 1329 t1·il‘›uemus
774 1275 929 1317 λέξεων
968 1274 1139 1325 ἀρετάς;
1187 1279 1211 1321 ΙΙ
1237 1275 1379 1326 ςαφές,
1426 1278 1468 1316 II
1499 1274 1643 1325 καλόν,

156 1349 219 1386 ΙΙΙ
251 1345 577 1396 μεγαλοπρεπές,
610 1349 669 1387 IV
701 1345 791 1396 ἡδύ,
824 1350 860 1387 V
893 1346 1084 1395 πιθανόν,
1118 1350 1176 1388 VI
1208 1346 1384 1397 πρέπον.
1453 1395 1458 1397 .

297 1421 361 1458 Ne
394 1421 456 1458 sic
488 1421 663 1468 quidem
697 1421 800 1459 satis
834 1421 1085 1459 distinctum
1111 1425 1174 1458 est
1196 1422 1309 1458 inter
1331 1411 1538 1459 orationis
1559 1422 1642 1460 vir-

156 1496 289 1530 tutes:
338 1482 547 1531 habemus
593 1493 852 1541 simplicium
891 1493 1139 1538 verborum,
1188 1494 1396 1531 habemus
1436 1493 1641 1532 orationis

155 1565 384 1602 continuae
428 1565 624 1610 virtutes,
674 1565 884 1602 addemus
928 1566 1173 1603 necessario
1213 1565 1395 1603 virtutes
1435 1565 1641 1614 composi—

154 1636 295 1673 tionis.
373 1634 614 1674 Demetrius
651 1633 728 1673 41:
784 1632 1057 1684 Θεόφραςτος
1104 1631 1370 1684 παράδειγμα
1416 1632 1640 1675 ἐκτέθειται

155 1703 513 1753 μεγαλοπρεπείας
546 1704 594 1744 τὸ
627 1706 824 1744 τοιοῦτον
856 1706 996 1745 κῶλον
1024 1705 1133 1745 ετῶν
1165 1705 1240 1755 μὲν
1268 1705 1363 1755 περὶ
1385 1703 1436 1745 τὰ
1459 1704 1639 1755 μηδενὸς

153 1773 247 1817 ἄξια
279 1774 673 1826 φιλοςοφούντων’·
737 1775 787 1816 οὐ
833 1776 912 1826 γὰρ
957 1776 1001 1816 ἐκ
1043 1776 1246 1817 παιώνων
1290 1775 1482 1827 ἀκριβῶς,
1529 1774 1639 1818 ἀλλὰ

152 1846 384 1887 παιωνικόν
406 1847 444 1887 τί
466 1847 548 1887 ἑςτι
570 1849 655 1888 κτλ.
709 1851 922 1898 quaedam
955 1852 1137 1889 fortasse
1171 1851 1467 1899 Theophrasto
1499 1846 1638 1890 viridi-

153 1922 241 1958 cari
274 1927 451 1970 possunt
484 1934 539 1959 ex
573 1923 636 1967 iis,
672 1934 781 1970 quae
804 1923 1037 1971 Dionysius
1070 1923 1176 1960 dicit
1209 1923 1262 1960 de
1285 1933 1322 1960 c.
1345 1934 1387 1960 V.
1409 1919 1476 1960 11.
1494 1918 1564 1969 53,
1589 1919 1636 1962 8:

151 1988 242 2039 ἡδύ,
274 1989 415 2038 καλόν,
447 1990 639 2039 πιθανόν,
672 1990 1000 2041 μεγαλοπρεπές,
1033 1991 1197 2041 πρέπον
1234 1989 1338 2042 ete.;
1371 1994 1452 2032 sed'
1466 1995 1638 2044 singula

152 2064 195 2101 in
227 2065 308 2102 hac
339 2070 461 2113 parte
495 2070 593 2102 sunt
625 2066 804 2103 ineerta.

293 2137 443 2185 Egisse
476 2137 819 2185 Theophrastum
852 2138 905 2174 de
923 2138 1130 2175 orationis
1151 2138 1386 2175 virtutibus
1408 2138 1634 2184 trifariam,

151 2208 280 2245 ctiam
313 2209 434 2246 testis
467 2209 609 2245 afferri
643 2213 782 2256 potest
813 2209 936 2246 Dion.
972 2210 1024 2247 de
1057 2210 1188 2247 Isoer.
1221 2205 1262 2246 3.
1295 2205 1394 2255 539,
1423 2206 1496 2247 ll:
1539 2210 1651 2248 καθ--

151 2276 254 2316 όλου
300 2275 346 2316 δὲ
389 2278 517 2326 τριῶν
549 2275 700 2326 ὄντων,
749 2276 805 2318 ὥς
838 2291 938 2328 φηςι
972 2277 1256 2328 Θεόφραςτος,
1304 2278 1346 2320 ἐξ
1385 2277 1446 2319 ὧν
1477 2278 1636 2327 γίνεται

150 2347 198 2387 τὸ
246 2347 349 2397 μέγα
395 2348 462 2388 καὶ
509 2349 660 2398 ςεμνὸν
708 2349 774 2389 καὶ
813 2349 1011 2399 περιττὸν
1043 2349 1089 2390 έν
1123 2349 1238 2399 λέξει,
1286 2352 1358 2400 τῆς
1390 2354 1425 2391 τ’
1459 2349 1635 2400 ἐκλογῆς

150 2420 236 2458 τῶν
270 2418 494 2469 ὀνομάτων
526 2421 592 2461 καὶ
624 2423 696 2470 τῆς
729 2421 774 2461 ἐκ
805 2420 971 2462 τούτων
1003 2420 1205 2472 ἁρμονίας
1239 2423 1306 2462 καὶ
1327 2424 1414 2463 τῶν
1435 2423 1634 2472 περιλαμ-

152 2489 371 2540 βανόντων
403 2490 510 2531 αὐτὰ
533 2491 755 2542 ςχημάτων
788 2495 871 2533 κτλ.
925 2508 1009 2533 non
1041 2508 1127 2534 uno
1160 2498 1253 2535 loco
1277 2497 1330 2535 de
1362 2498 1501 2535 tribus
1533 2497 1632 2543 illis,

151 2564 226 2600 sed
259 2565 301 2601 in
334 2566 471 2602 tribus
504 2567 626 2604 libris
659 2567 842 2605 diversis
875 2572 1019 2606 actum
1053 2580 1146 2606 esse
1177 2581 1232 2607 ex
1265 2570 1330 2607 1115
1362 2569 1509 2607 verbis
1541 2580 1633 2618 pro-

151 2635 263 2672 feeto
311 2647 394 2673 non
443 2648 663 2684 possemus
711 2639 934 2688 eolligere;
990 2640 1065 2677 sed
1114 2641 1317 2688 quoniam
1365 2638 1638 2692 singulorum'

295 2782 306 2807 ¹
334 2786 354 2828 ἢ
382 2785 428 2829 F3
456 2788 513 2820 καὶ
538 2786 568 2820 Ρ
715 2786 730 2810 '2
753 2788 796 2822 τὸ
823 2789 914 2824 αὐτὸ
940 2789 987 2834 Ρ;
1013 2793 1127 2824 τοῦτο
1154 2790 1223 2825 ΡΜ
