1826 3034
759 712 969 766 Vita.

259 931 396 970 Natus
441 942 535 970 sum
574 931 701 981 Hugo
734 932 852 970 Rabe
892 932 1181 971 Hannoverae
1219 944 1258 970 a.
1297 933 1340 971 h.
1381 943 1414 971 s.
1451 929 1611 973 LXVII

117 1014 155 1040 a.
190 1003 231 1040 d.
264 1002 302 1041 V
334 1003 398 1040 Id.
431 1003 567 1052 April.
599 1007 721 1052 patre
754 1004 963 1053 Augusto,
1005 1004 1079 1052 qui
1119 1007 1218 1042 ante
1250 1005 1327 1043 hos
1357 1005 1444 1043 XII
1475 1015 1610 1044 annos
1665 1008 1667 1010 ’

115 1075 273 1112 acerbo
288 1075 377 1112 fato
395 1075 499 1112 mihi
518 1079 691 1123 ereptus
710 1079 787 1121 est,
810 1079 949 1114 matre
966 1075 1159 1114 Iohanna
1173 1087 1195 1114 e
1213 1080 1343 1126 gente
1361 1075 1608 1115 Geisenhof.

114 1145 215 1184 fidei
249 1146 450 1184 addictus
483 1157 577 1184 sum
610 1147 906 1196 evangelicae.

256 1217 490 1265 Postquam
530 1217 819 1256 Hannoverae
852 1229 930 1267 per
976 1230 1132 1257 novem
1179 1230 1314 1257 annos
1346 1219 1538 1269 Lyceum
1568 1220 1611 1259 II

119 1288 408 1337 frequentavi,
442 1289 703 1327 maturitatis
742 1290 987 1328 testimonio
1019 1290 1256 1329 instructus
1288 1302 1391 1329 vere
1423 1302 1461 1329 a.
1497 1287 1610 1330 1885

119 1358 370 1410 Gottingam
401 1372 469 1398 me
503 1361 679 1399 contuli.
719 1365 924 1399 autumno
963 1373 1001 1399 a.
1038 1357 1147 1399 1887
1183 1363 1377 1400 Bonnam
1407 1362 1620 1413 migravi„

119 1431 359 1469 docuerunt
376 1443 444 1469 me
462 1443 534 1470 vv.
554 1432 626 1470 dd.
645 1432 822 1470 Bechtel
838 1433 1014 1482 Dilthey
1039 1433 1148 1471 Fick
1174 1433 1379 1472 Goedeke
1403 1434 1609 1483 MHeyne

118 1503 327 1540 Kielhorn
358 1503 570 1552 WMeyer
609 1503 879 1542 GEMueller
918 1504 1079 1542 Roethe
1127 1504 1298 1554 Sauppe
1347 1505 1619 1544 deWilamoe

118 1575 536 1612 witz-Moellendorff
564 1574 889 1625 Gottingenses3
939 1576 1110 1614 Bender
1141 1576 1379 1614 Buecheler
1409 1577 1611 1615 Foerster

119 1645 335 1683 Rchule
369 1646 617 1684 Loeschckc
651 1646 807 1685 Nissen
834 1647 1001 1685 Vsener
1031 1647 1293 1686 Bonnenses.
1356 1648 1609 1686 Buecheleri

116 1716 352 1755 Luebberti
374 1718 556 1756 Vseneri
588 1718 766 1768 egregia
793 1720 899 1768 erga
920 1730 988 1756 nie
1010 1719 1316 1757 benevolentia
1342 1719 1507 1758 factum
1529 1723 1607 1766 est,

116 1792 163 1826 ut
194 1789 238 1826 in
262 1789 541 1827 seminarium
573 1790 742 1839 regium
775 1790 922 1838 philol.
954 1790 1089 1828 Bonn.
1122 1791 1352 1839 reciperer,
1386 1791 1509 1828 cuius
1530 1801 1609 1840 per

117 1863 271 1908 quater
310 1871 388 1898 sex
427 1871 597 1898 menses
637 1861 700 1899 fui
741 1861 902 1899 sodalis
939 1857 1197 1900 ordinarius.
1246 1862 1290 1899 in
1331 1862 1608 1900 seminarium

116 1931 368 1970 historicum
390 1932 545 1970 Nissen
578 1932 880 1971 liberalissime
903 1944 971 1971 me
994 1933 1171 1982 recepit.
1225 1933 1608 1971 exercitationibus

115 2007 163 2041 ut
202 2003 455 2041 interessem
495 2004 684 2053 benigne
726 2008 1034 2042 concesserunt
1066 2004 1304 2042 Buecheler
1335 2004 1607 2054 philologieis

116 2079 159 2112 et
205 2075 511 2125 epigraphicis,
559 2075 730 2114 Kekule
762 2076 1009 2114 Loeschcke
1057 2076 1411 2125 archacologicis,
1459 2075 1608 2124 Meyer

114 2147 500 2196 palaeograplficis,
548 2147 710 2184 Rocthc
750 2147 996 2185 theodiscis.
1060 2147 1218 2195 quibus
1254 2147 1362 2184 viris
1406 2147 1606 2185 omnibus

115 2218 300 2267 gratiam
333 2218 471 2256 habeo
503 2218 752 2264 maximam,
802 2219 845 2256 in
885 2219 1035 2267 primis
1067 2218 1318 2256 Buecheleri
1351 2222 1393 2256 et
1425 2218 1607 2256 Vseneri

114 2290 365 2327 memoriam
397 2294 522 2339 grato
555 2301 724 2338 semper
756 2290 898 2327 animo
931 2290 1082 2327 colam.
