1826 3034
878 183 1090 220 -26-

238 309 331 347 fere
369 309 474 346 nihil
515 309 763 348 addendum
803 309 1078 357 relinqueret,
1128 321 1182 347 an
1220 309 1467 348 adhibuerit
1502 321 1634 348 unam
1665 321 1724 350 ex

242 381 556 419 recentioribus
588 381 903 430 Peripateticae
935 377 1030 429 περὶ
1062 377 1213 420 λέξεως
1247 381 1468 419 doctrinae
1507 384 1555 419 ut
1592 381 1728 420 verbo

241 456 340 491 utar
383 452 658 490 editionibus.
721 452 814 501 ipso
855 452 1151 501 Theophrasto
1197 463 1294 490 cum
1337 463 1422 490 non
1466 463 1559 491 esse
1601 463 1727 491 usum

242 524 529 562 certissimum
569 523 693 569 duco,
742 523 934 571 alioquin
976 523 1106 561 ctiam
1146 523 1421 562 Aristotelem
1459 524 1617 574 legisse
1655 535 1729 573 pu-

242 595 398 633 tandus
431 598 556 640 esset,
590 595 664 643 qui
693 606 718 632 a
740 594 1035 643 Theophrasto
1057 595 1269 632 nominari
1300 606 1385 633 non
1417 596 1574 644 potuit3
1608 596 1728 644 atqui

242 667 368 706 huius
400 666 566 704 farinae
600 667 782 715 scriptor
803 678 890 704 non
912 670 1047 712 curat,
1077 677 1187 714 quae
1216 666 1270 704 sit
1293 666 1514 705 doctrinae
1536 667 1727 713 historia,

243 742 359 776 certe
391 738 504 787 fugit
536 738 681 787 legere
703 737 992 775 Aristotelem.
1041 737 1217 787 legisset
1250 738 1380 775 etiam
1411 737 1729 787 Praxiphanem

236 807 287 858 (ξ
311 805 400 858 57),
433 814 480 847 ut
512 809 707 847 omittam
740 820 901 855 omnes,
937 809 990 847 de
1024 809 1181 857 quibus
1213 810 1283 847 vel
1315 809 1450 858 possit
1482 809 1577 857 quis
1609 809 1730 848 dubi-

243 886 347 919 tare.
411 885 562 919 contra
601 892 699 919 cum
739 881 939 930 ponimus
980 885 1199 919 auctorem
1244 881 1335 919 eius
1377 881 1511 919 fuisse
1555 881 1730 920 doctum

243 953 460 1001 quendam
492 938 720 998 hominem,
766 953 839 1001 qui
873 953 1008 990 altero
1041 964 1080 990 a.
1112 951 1209 991 Chr.
1242 953 1413 990 saeculo
1445 953 1604 991 librum
1635 949 1730 1000 περὶ

243 1021 394 1064 λέξεως
428 1024 648 1073 scripserit
680 1024 799 1062 nisus
832 1023 1127 1072 Theophrasto
1166 1024 1372 1062 adhibitis
1410 1024 1540 1062 etiam
1571 1023 1729 1062 Aristo-

243 1097 328 1134 tele
369 1096 564 1144 aliisque,
613 1096 731 1133 clara
771 1099 869 1134 sunt
909 1096 1065 1133 omnia.
1128 1106 1267 1143 neque
1303 1095 1417 1133 ullus
1446 1095 1565 1134 locus
1597 1095 1730 1134 Theo-

244 1168 408 1217 phrasti
447 1167 619 1205 nomine
659 1167 889 1217 insignitus
926 1178 952 1204 a
983 1166 1199 1204 Demetrio
1240 1177 1335 1204 eam
1375 1167 1527 1205 suadet
1565 1170 1729 1205 senten-

244 1240 362 1285 tiam,
395 1250 525 1288 quam
557 1250 637 1289 ego
669 1239 889 1288 impugno.
923 1259 979 1264 —-
1012 1239 1182 1276 accedit
1206 1239 1402 1276 alterum.
1449 1249 1518 1276 me
1540 1238 1683 1276 iudice
1705 1250 1731 1276 a

246 1311 543 1360 Theophrasto
583 1311 728 1348 vitiosi
774 1310 1026 1348 elocutionis
1070 1310 1460 1348 characteres
1503 1320 1588 1347 non
1632 1314 1731 1348 sunt

247 1383 397 1422 statuti
428 1381 501 1431 (cf.
525 1394 623 1432 pag.
643 1378 728 1430 21).
782 1382 902 1430 atqui
933 1386 1091 1419 norunt
1122 1381 1298 1419 vitiosos
1331 1381 1604 1419 characteres
1635 1380 1732 1420 Cor-

244 1455 413 1494 nificius
445 1454 505 1494 IV
530 1450 584 1492 15
617 1448 892 1493 “sufflatum''
922 1451 1105 1498 (confine
1137 1453 1262 1503 gravi
1294 1449 1473 1502 generi),
1516 1448 1569 1490 16
1602 1447 1731 1492 “flue'-

245 1532 371 1567 tuans
394 1532 436 1565 et
459 1521 745 1565 (lissolutun1”
770 1523 955 1574 (confine
977 1522 1213 1574 mediocri),
1248 1520 1501 1575 “exsangue
1523 1519 1732 1563 et'exile'’

241 1598 426 1649 (confine
449 1596 706 1647 attenuato);
740 1603 782 1636 et
799 1598 936 1636 Varro
962 1594 1095 1646 (apud
1117 1596 1303 1635 Gellium
1325 1596 1385 1635 VI
1409 1592 1476 1642 14,
1494 1592 1538 1644 ὃ)
1570 1591 1731 1635 “suffla-

242 1676 346 1717 tum,
380 1665 623 1709 tumidum”
655 1668 914 1719 (oppositum
945 1665 1098 1716 uberi),
1138 1663 1382 1716 “sclualens,
1416 1662 1730 1706 ieiunidicum''

242 1742 501 1793 (oppositum
518 1738 701 1792 gracili),
735 1736 980 1779 “incertum
1003 1745 1044 1778 ct
1067 1734 1350 1789 ambiguum”
1366 1736 1624 1787 (oppositum
1646 1750 1730 1777 me-

244 1811 409 1863 diocri),
443 1825 555 1862 quae
576 1834 635 1839 --
657 1813 825 1852 omissis
857 1812 1012 1850 mediis
1034 1811 1267 1861 generibus
1288 1830 1345 1835 --
1368 1814 1611 1860 congruunt
1633 1820 1730 1848 cum

243 1886 530 1934 Demetrianis
543 1900 551 1923 :

386 1953 703 2006 μεγαλοπρεπές
735 1977 793 1983 —
825 1951 993 2003 ψυχρόν
1024 1952 1066 2001 (i.
1101 1966 1137 1992 e.
1172 1949 1451 2001 ὑπερβάλλον,
1485 1948 1604 2001 114);

386 2026 528 2078 ἰεχνόν
559 2049 617 2055 -
649 2024 788 2076 ξηρόν.
820 2024 975 2076 (δεινὸς
1008 2023 1221 2075 χαρακτὴρ
1253 2036 1337 2063 non
1370 2025 1509 2074 magis
1534 2025 1617 2062 huc
1639 2035 1732 2073 per—

456 2102 565 2140 tinet
595 2111 725 2149 quam
755 2095 1008 2148 γλαφυρός.)

245 2186 349 2225 ergo
382 2178 481 2212 ante
513 2173 754 2212 Varronem
786 2176 828 2209 et
860 2167 1135 2209 Cornificium
1167 2168 1311 2206 vitiosi
1345 2168 1618 2205 characteres
1650 2167 1732 2205 elo-

246 2246 430 2285 cutionis
463 2244 683 2283 constituti
717 2247 816 2282 sunt
845 2263 904 2267 -
936 2252 1047 2290 quae
1079 2241 1273 2289 profecto
1304 2250 1390 2276 non
1423 2242 1515 2277 erat
1550 2238 1731 2277 mutatio

245 2318 424 2368 grandis
455 2328 537 2354 nec
570 2315 769 2360 difficilis,
803 2314 905 2362 quia
935 2318 1107 2362 praesto
1139 2312 1224 2349 iam
1257 2315 1380 2349 erant
1409 2310 1732 2359 Theophrastea

247 2391 300 2427 dc
332 2388 567 2427 virtutibus
608 2386 861 2425 elocutionis
891 2380 1102 2432 >vitiisque
1134 2383 1303 2421 vicinis.
1335 2403 1393 2407 —
1426 2382 1542 2430 quod
1573 2381 1730 2430 Diony-

247 2461 334 2499 sius
356 2472 442 2498 non
464 2462 770 2497 commemorat
791 2458 969 2495 vitiosos
1001 2457 1361 2500 characteres,
1396 2454 1472 2492 sed
1500 2453 1730 2501 qualitates

248 2536 427 2576 tantum,
458 2532 558 2569 inde
591 2530 899 2579 explicandum
926 2529 1112 2573 videtur,
1146 2527 1260 2575 quod
1282 2527 1424 2575 ipsum
1446 2523 1731 2574 Theophrasti

248 2614 354 2652 opus
394 2606 435 2640 et
474 2603 520 2639 id
559 2602 733 2649 quidem
773 2612 904 2638 unum
952 2599 1149 2637 adhibuit
1194 2599 1237 2636 in
1284 2597 1528 2635 scribendo.
1590 2606 1730 2644 neque

248 2675 375 2719 enim,
409 2674 525 2721 quod
557 2673 640 2710 feci
674 2673 717 2710 in
750 2672 969 2716 Cicerone,
1004 2671 1203 2709 dubitare
1234 2671 1349 2714 licet,
1382 2669 1580 2717 ipsumne
1597 2666 1731 2704 Theo-

249 2747 470 2794 phrastum
515 2745 689 2794 legerit3
738 2744 844 2793 legit
888 2743 1017 2780 etiam
1049 2741 1292 2780 Aristotelis
1337 2745 1473 2778 artem
1517 2739 1625 2776 rhet.
1657 2735 1730 2786 (cf.

249 2817 372 2866 epist.
395 2816 415 2855 I
438 2817 493 2854 ad
516 2811 685 2863 Amm).
717 2835 775 2840 —-—
808 2815 993 2863 denique
1026 2814 1207 2852 forsitan
1229 2813 1419 2852 fructum
1441 2809 1730 2860 percipiamus
