<?xml version="1.0" encoding="UTF-8"?>
<!DOCTYPE html PUBLIC "-//W3C//DTD XHTML 1.0 Transitional//EN"
    "http://www.w3.org/TR/xhtml1/DTD/xhtml1-transitional.dtd">
<html xmlns="http://www.w3.org/1999/xhtml" xml:lang="en" lang="en">
 <head>
  <title>
</title>
<meta http-equiv="Content-Type" content="text/html;charset=utf-8" />
  <meta name='ocr-system' content='tesseract 3.04.00' />
  <meta name='ocr-capabilities' content='ocr_page ocr_carea ocr_par ocr_line ocrx_word'/>
</head>
<body>
  <div class='ocr_page' id='page_1' title='image "./detheophrastilib00rabeuoft_0028.png"; bbox 0 0 1826 3034; ppageno 0'>
   <div class='ocr_carea' id='block_1_1' title="bbox 796 189 1005 224">
    <p class='ocr_par' dir='ltr' id='par_1_1' title="bbox 796 189 1005 224">
     <span class='ocr_line' id='line_1_1' title="bbox 796 189 1005 224; baseline -0.005 -9"><span class='ocrx_word' id='word_1_1' title='bbox 796 189 1005 224; x_wconf 70' lang='lat'>-94-</span> 
     </span>
    </p>
   </div>
   <div class='ocr_carea' id='block_1_2' title="bbox 157 309 1690 2434">
    <p class='ocr_par' dir='ltr' id='par_1_2' title="bbox 157 309 1690 1719">
     <span class='ocr_line' id='line_1_2' title="bbox 157 309 1641 363; baseline 0.001 -10"><span class='ocrx_word' id='word_1_2' title='bbox 157 311 480 363; x_wconf 86' lang='grc' dir='ltr'>παραδύεται</span> <span class='ocrx_word' id='word_1_3' title='bbox 527 311 551 362; x_wconf 89' lang='grc' dir='ltr'>ἡ</span> <span class='ocrx_word' id='word_1_4' title='bbox 599 310 650 352; x_wconf 79' lang='grc' dir='ltr'>ἐκ</span> <span class='ocrx_word' id='word_1_5' title='bbox 696 313 779 362; x_wconf 88' lang='grc' dir='ltr'>τῆς</span> <span class='ocrx_word' id='word_1_6' title='bbox 827 309 1071 361; x_wconf 88' lang='grc' dir='ltr'>τοιαύτης</span> <span class='ocrx_word' id='word_1_7' title='bbox 1117 310 1306 361; x_wconf 88' lang='grc' dir='ltr'>ἡδονῆς</span> <span class='ocrx_word' id='word_1_8' title='bbox 1361 309 1527 363; x_wconf 88' lang='grc' dir='ltr'>χάρις,</span> <span class='ocrx_word' id='word_1_9' title='bbox 1574 311 1641 355; x_wconf 84' lang='grc' dir='ltr'>καὶ</span> 
     </span>
     <span class='ocr_line' id='line_1_3' title="bbox 158 381 1672 433; baseline 0 -9"><span class='ocrx_word' id='word_1_10' title='bbox 158 385 354 424; x_wconf 87' lang='grc' dir='ltr'>πλεῑςτον</span> <span class='ocrx_word' id='word_1_11' title='bbox 385 383 434 424; x_wconf 88' lang='grc' dir='ltr'>τὸ</span> <span class='ocrx_word' id='word_1_12' title='bbox 465 384 662 424; x_wconf 85' lang='grc' dir='ltr'>τοιοῦτον</span> <span class='ocrx_word' id='word_1_13' title='bbox 684 381 795 424; x_wconf 83' lang='grc' dir='ltr'>εἶδός</span> <span class='ocrx_word' id='word_1_14' title='bbox 828 381 910 423; x_wconf 82' lang='grc' dir='ltr'>ἑςτι</span> <span class='ocrx_word' id='word_1_15' title='bbox 942 381 1057 432; x_wconf 88' lang='grc' dir='ltr'>παρὰ</span> <span class='ocrx_word' id='word_1_16' title='bbox 1089 383 1178 423; x_wconf 86' lang='grc' dir='ltr'>τοῖς</span> <span class='ocrx_word' id='word_1_17' title='bbox 1200 381 1551 433; x_wconf 75' lang='grc' dir='ltr'>Περιπατητικοῖς</span> <span class='ocrx_word' id='word_1_18' title='bbox 1573 383 1642 424; x_wconf 85' lang='grc' dir='ltr'>καὶ</span> <span class='ocrx_word' id='word_1_19' title='bbox 1668 393 1672 396; x_wconf 83' lang='grc'><em>·</em></span> 
     </span>
     <span class='ocr_line' id='line_1_4' title="bbox 157 445 1642 508; baseline 0.001 -13"><span class='ocrx_word' id='word_1_20' title='bbox 157 454 271 506; x_wconf 88' lang='grc' dir='ltr'>παρὰ</span> <span class='ocrx_word' id='word_1_21' title='bbox 302 453 502 495; x_wconf 89' lang='grc' dir='ltr'>Πλάτωνι</span> <span class='ocrx_word' id='word_1_22' title='bbox 541 453 607 495; x_wconf 84' lang='grc' dir='ltr'>καὶ</span> <span class='ocrx_word' id='word_1_23' title='bbox 640 453 754 504; x_wconf 89' lang='grc' dir='ltr'>παρὰ</span> <span class='ocrx_word' id='word_1_24' title='bbox 794 452 1044 504; x_wconf 84' lang='grc' dir='ltr'>Ξενοφῶντι</span> <span class='ocrx_word' id='word_1_25' title='bbox 1083 453 1149 493; x_wconf 87' lang='grc' dir='ltr'>καὶ</span> <span class='ocrx_word' id='word_1_26' title='bbox 1188 445 1416 508; x_wconf 47' lang='grc' dir='ltr'>Ἡροδότῳ.</span> <span class='ocrx_word' id='word_1_27' title='bbox 1455 453 1562 505; x_wconf 89' lang='grc' dir='ltr'>τάχα</span> <span class='ocrx_word' id='word_1_28' title='bbox 1595 454 1642 496; x_wconf 83' lang='grc' dir='ltr'>δὲ</span> 
     </span>
     <span class='ocr_line' id='line_1_5' title="bbox 157 524 1641 577; baseline 0.001 -11"><span class='ocrx_word' id='word_1_29' title='bbox 157 526 223 566; x_wconf 83' lang='grc' dir='ltr'>καὶ</span> <span class='ocrx_word' id='word_1_30' title='bbox 255 525 369 576; x_wconf 86' lang='grc' dir='ltr'>παρὰ</span> <span class='ocrx_word' id='word_1_31' title='bbox 401 524 659 576; x_wconf 83' lang='grc' dir='ltr'>Δημοςθένει</span> <span class='ocrx_word' id='word_1_32' title='bbox 697 526 934 575; x_wconf 83' lang='grc' dir='ltr'>πολλαχοῦ·</span> <span class='ocrx_word' id='word_1_33' title='bbox 987 524 1247 575; x_wconf 88' lang='grc' dir='ltr'>Θουκυδίδης</span> <span class='ocrx_word' id='word_1_34' title='bbox 1280 524 1421 575; x_wconf 81' lang='grc' dir='ltr'>μέντοι</span> <span class='ocrx_word' id='word_1_35' title='bbox 1453 525 1641 577; x_wconf 81' lang='grc' dir='ltr'>πέφευγε</span> 
     </span>
     <span class='ocr_line' id='line_1_6' title="bbox 157 589 1642 649; baseline 0.001 -11"><span class='ocrx_word' id='word_1_36' title='bbox 157 597 206 638; x_wconf 89' lang='grc' dir='ltr'>τὸ</span> <span class='ocrx_word' id='word_1_37' title='bbox 238 595 359 638; x_wconf 84' lang='grc' dir='ltr'>εἶδος.</span> <span class='ocrx_word' id='word_1_38' title='bbox 411 600 644 648; x_wconf 81' lang='lat' dir='ltr'>Dionysius</span> <span class='ocrx_word' id='word_1_39' title='bbox 676 600 774 637; x_wconf 90' lang='lat' dir='ltr'>huic</span> <span class='ocrx_word' id='word_1_40' title='bbox 807 589 956 649; x_wconf 79' lang='lat' dir='ltr'>generi</span> <span class='ocrx_word' id='word_1_41' title='bbox 981 599 1211 647; x_wconf 77' lang='lat' dir='ltr'>scriptores</span> <span class='ocrx_word' id='word_1_42' title='bbox 1244 600 1396 638; x_wconf 77' lang='lat' dir='ltr'><strong>tribuit</strong></span> <span class='ocrx_word' id='word_1_43' title='bbox 1427 601 1642 649; x_wconf 73' lang='lat' dir='ltr'>pedestris</span> 
     </span>
     <span class='ocr_line' id='line_1_7' title="bbox 158 671 1642 720; baseline -0.001 -10"><span class='ocrx_word' id='word_1_44' title='bbox 158 673 362 710; x_wconf 83' lang='lat' dir='ltr'>orationis</span> <span class='ocrx_word' id='word_1_45' title='bbox 383 672 630 717; x_wconf 87' lang='lat' dir='ltr'>Isocratem,</span> <span class='ocrx_word' id='word_1_46' title='bbox 654 672 885 720; x_wconf 75' lang='lat' dir='ltr'>Ephorum,</span> <span class='ocrx_word' id='word_1_47' title='bbox 910 671 1248 720; x_wconf 76' lang='lat' dir='ltr'>Theopompum.</span> <span class='ocrx_word' id='word_1_48' title='bbox 1282 682 1430 719; x_wconf 87' lang='lat' dir='ltr'>quare,</span> <span class='ocrx_word' id='word_1_49' title='bbox 1453 671 1642 710; x_wconf 82' lang='lat' dir='ltr'>clamant</span> 
     </span>
     <span class='ocr_line' id='line_1_8' title="bbox 159 741 1642 792; baseline -0.001 -10"><span class='ocrx_word' id='word_1_50' title='bbox 159 755 318 789; x_wconf 90' lang='lat' dir='ltr'>omnes,</span> <span class='ocrx_word' id='word_1_51' title='bbox 351 744 584 781; x_wconf 86' lang='lat' dir='ltr'>Isocratem</span> <span class='ocrx_word' id='word_1_52' title='bbox 631 754 715 780; x_wconf 89' lang='lat' dir='ltr'>non</span> <span class='ocrx_word' id='word_1_53' title='bbox 757 742 882 780; x_wconf 82' lang='lat' dir='ltr'>affert</span> <span class='ocrx_word' id='word_1_54' title='bbox 921 741 1193 780; x_wconf 77' lang='lat' dir='ltr'>Demetrius?</span> <span class='ocrx_word' id='word_1_55' title='bbox 1240 743 1415 780; x_wconf 76' lang='lat' dir='ltr'><strong>facilem</strong></span> <span class='ocrx_word' id='word_1_56' title='bbox 1455 742 1642 792; x_wconf 82' lang='lat' dir='ltr'>explica-</span> 
     </span>
     <span class='ocr_line' id='line_1_9' title="bbox 159 798 1642 862; baseline 0 -10"><span class='ocrx_word' id='word_1_57' title='bbox 159 816 318 852; x_wconf 78' lang='lat' dir='ltr'>tionem</span> <span class='ocrx_word' id='word_1_58' title='bbox 359 815 432 851; x_wconf 86' lang='lat' dir='ltr'>dat</span> <span class='ocrx_word' id='word_1_59' title='bbox 469 814 716 862; x_wconf 86' lang='lat' dir='ltr'>Dionysius,</span> <span class='ocrx_word' id='word_1_60' title='bbox 759 814 812 851; x_wconf 82' lang='lat' dir='ltr'>de</span> <span class='ocrx_word' id='word_1_61' title='bbox 853 824 888 851; x_wconf 90' lang='lat' dir='ltr'>c.</span> <span class='ocrx_word' id='word_1_62' title='bbox 921 825 961 851; x_wconf 92' lang='lat' dir='ltr'>V.</span> <span class='ocrx_word' id='word_1_63' title='bbox 1000 799 1277 856; x_wconf 78' lang='grc'>19.133,1;’</span> <span class='ocrx_word' id='word_1_64' title='bbox 1308 810 1374 851; x_wconf 88' lang='grc' dir='ltr'>καὶ</span> <span class='ocrx_word' id='word_1_65' title='bbox 1415 808 1497 852; x_wconf 80' lang='grc' dir='ltr'>ἔςτι</span> <span class='ocrx_word' id='word_1_66' title='bbox 1535 798 1642 853; x_wconf 72' lang='grc' dir='ltr'>λέξις</span> 
     </span>
     <span class='ocr_line' id='line_1_10' title="bbox 159 880 1643 936; baseline 0 -13"><span class='ocrx_word' id='word_1_67' title='bbox 159 882 350 933; x_wconf 88' lang='grc' dir='ltr'>κρατίςτη</span> <span class='ocrx_word' id='word_1_68' title='bbox 383 883 528 922; x_wconf 84' lang='grc' dir='ltr'>παςῶν</span> <span class='ocrx_word' id='word_1_69' title='bbox 658 880 762 922; x_wconf 89' lang='grc' dir='ltr'>ὅταν</span> <span class='ocrx_word' id='word_1_70' title='bbox 784 881 899 922; x_wconf 88' lang='grc' dir='ltr'>τουτὶ</span> <span class='ocrx_word' id='word_1_71' title='bbox 931 881 1006 932; x_wconf 80' lang='grc' dir='ltr'>μὲν</span> <span class='ocrx_word' id='word_1_72' title='bbox 1029 880 1075 922; x_wconf 83' lang='grc' dir='ltr'>έν</span> <span class='ocrx_word' id='word_1_73' title='bbox 1107 881 1292 936; x_wconf 77' lang='grc' dir='ltr'>περιόδῳ</span> <span class='ocrx_word' id='word_1_74' title='bbox 1323 881 1504 932; x_wconf 84' lang='grc' dir='ltr'>λέγηται,</span> <span class='ocrx_word' id='word_1_75' title='bbox 1526 882 1643 923; x_wconf 82' lang='grc' dir='ltr'>τουτὶ</span> 
     </span>
     <span class='ocr_line' id='line_1_11' title="bbox 158 950 1644 1005; baseline -0.001 -10"><span class='ocrx_word' id='word_1_76' title='bbox 158 951 201 1005; x_wconf 39' lang='grc' dir='ltr'>δ’,</span> <span class='ocrx_word' id='word_1_77' title='bbox 226 952 305 995; x_wconf 80' lang='grc' dir='ltr'>ἔξω</span> <span class='ocrx_word' id='word_1_78' title='bbox 338 952 615 1004; x_wconf 86' lang='grc' dir='ltr'>περιόδου...</span> <span class='ocrx_word' id='word_1_79' title='bbox 649 952 798 1004; x_wconf 83' lang='grc' dir='ltr'>ῥυθμοί</span> <span class='ocrx_word' id='word_1_80' title='bbox 829 950 864 993; x_wconf 83' lang='grc' dir='ltr'>τ’</span> <span class='ocrx_word' id='word_1_81' title='bbox 904 951 1027 993; x_wconf 87' lang='grc' dir='ltr'>ἄλλοι</span> <span class='ocrx_word' id='word_1_82' title='bbox 1060 952 1126 993; x_wconf 87' lang='grc' dir='ltr'>καὶ</span> <span class='ocrx_word' id='word_1_83' title='bbox 1158 952 1346 1003; x_wconf 88' lang='grc' dir='ltr'>ςχήματα</span> <span class='ocrx_word' id='word_1_84' title='bbox 1383 955 1644 995; x_wconf 88' lang='grc' dir='ltr'>παντοῖα...</span> 
     </span>
     <span class='ocr_line' id='line_1_12' title="bbox 159 1023 1643 1076; baseline 0 -10"><span class='ocrx_word' id='word_1_85' title='bbox 159 1023 266 1076; x_wconf 81' lang='grc' dir='ltr'>ἔχει</span> <span class='ocrx_word' id='word_1_86' title='bbox 313 1024 366 1065; x_wconf 88' lang='grc' dir='ltr'>δέ</span> <span class='ocrx_word' id='word_1_87' title='bbox 405 1037 516 1065; x_wconf 89' lang='grc' dir='ltr'>τινα</span> <span class='ocrx_word' id='word_1_88' title='bbox 563 1023 711 1075; x_wconf 86' lang='grc' dir='ltr'>χάριν</span> <span class='ocrx_word' id='word_1_89' title='bbox 750 1024 804 1065; x_wconf 82' lang='grc' dir='ltr'>ἐν</span> <span class='ocrx_word' id='word_1_90' title='bbox 843 1026 950 1065; x_wconf 84' lang='grc' dir='ltr'>τοῖς</span> <span class='ocrx_word' id='word_1_91' title='bbox 988 1023 1253 1065; x_wconf 73' lang='grc' dir='ltr'>τοιούτοις</span> <span class='ocrx_word' id='word_1_92' title='bbox 1293 1024 1473 1074; x_wconf 61' lang='grc' dir='ltr'>καὶ,τὸ</span> <span class='ocrx_word' id='word_1_93' title='bbox 1512 1023 1643 1066; x_wconf 85' lang='grc' dir='ltr'>οὕτω</span> 
     </span>
     <span class='ocr_line' id='line_1_13' title="bbox 158 1094 1643 1147; baseline 0.001 -10"><span class='ocrx_word' id='word_1_94' title='bbox 158 1095 489 1147; x_wconf 83' lang='grc' dir='ltr'>ςυγκείμενον</span> <span class='ocrx_word' id='word_1_95' title='bbox 542 1094 667 1136; x_wconf 84' lang='grc' dir='ltr'>ὥςτε</span> <span class='ocrx_word' id='word_1_96' title='bbox 715 1095 772 1147; x_wconf 84' lang='grc' dir='ltr'>μὴ</span> <span class='ocrx_word' id='word_1_97' title='bbox 820 1097 1113 1145; x_wconf 80' lang='grc' dir='ltr'>ςυγκεῑςθαι</span> <span class='ocrx_word' id='word_1_98' title='bbox 1167 1098 1342 1137; x_wconf 84' lang='grc' dir='ltr'>δοκεῖν</span> <span class='ocrx_word' id='word_1_99' title='bbox 1391 1096 1465 1147; x_wconf 84' lang='lat' dir='ltr'>(cf.</span> <span class='ocrx_word' id='word_1_100' title='bbox 1513 1100 1643 1138; x_wconf 85' lang='lat' dir='ltr'>etiam</span> 
     </span>
     <span class='ocr_line' id='line_1_14' title="bbox 158 1164 1644 1220; baseline 0.001 -12"><span class='ocrx_word' id='word_1_101' title='bbox 158 1171 345 1208; x_wconf 85' lang='lat' dir='ltr'>Demetr.</span> <span class='ocrx_word' id='word_1_102' title='bbox 382 1167 571 1219; x_wconf 80' lang='lat'>180)...</span> <span class='ocrx_word' id='word_1_103' title='bbox 611 1166 875 1218; x_wconf 79' lang='grc' dir='ltr'>παράδειγμα</span> <span class='ocrx_word' id='word_1_104' title='bbox 908 1164 944 1208; x_wconf 70' lang='grc' dir='ltr'>δ’</span> <span class='ocrx_word' id='word_1_105' title='bbox 983 1166 1112 1218; x_wconf 83' lang='grc' dir='ltr'>αὐτῆς</span> <span class='ocrx_word' id='word_1_106' title='bbox 1151 1168 1353 1218; x_wconf 84' lang='grc' dir='ltr'>ποιοῦμαι</span> <span class='ocrx_word' id='word_1_107' title='bbox 1390 1169 1528 1209; x_wconf 87' lang='grc' dir='ltr'>πᾶςαν</span> <span class='ocrx_word' id='word_1_108' title='bbox 1567 1168 1644 1220; x_wconf 82' lang='grc' dir='ltr'>μὲν</span> 
     </span>
     <span class='ocr_line' id='line_1_15' title="bbox 159 1237 1690 1291; baseline 0.001 -11"><span class='ocrx_word' id='word_1_109' title='bbox 159 1239 235 1290; x_wconf 86' lang='grc' dir='ltr'>τὴν</span> <span class='ocrx_word' id='word_1_110' title='bbox 267 1237 497 1289; x_wconf 88' lang='grc' dir='ltr'>Ἡροδότου</span> <span class='ocrx_word' id='word_1_111' title='bbox 532 1238 652 1287; x_wconf 83' lang='grc' dir='ltr'>λέξιν,</span> <span class='ocrx_word' id='word_1_112' title='bbox 685 1240 822 1280; x_wconf 87' lang='grc' dir='ltr'>πᾶςαν</span> <span class='ocrx_word' id='word_1_113' title='bbox 855 1239 900 1280; x_wconf 77' lang='grc' dir='ltr'>δὲ</span> <span class='ocrx_word' id='word_1_114' title='bbox 931 1239 1009 1290; x_wconf 87' lang='grc' dir='ltr'>τὴν</span> <span class='ocrx_word' id='word_1_115' title='bbox 1040 1238 1288 1288; x_wconf 86' lang='grc' dir='ltr'>Πλάτωνος,</span> <span class='ocrx_word' id='word_1_116' title='bbox 1325 1241 1458 1281; x_wconf 86' lang='grc' dir='ltr'>πᾶςαν</span> <span class='ocrx_word' id='word_1_117' title='bbox 1491 1239 1643 1291; x_wconf 63' lang='grc' dir='ltr'>δὲτὴν</span> <span class='ocrx_word' id='word_1_118' title='bbox 1688 1284 1690 1286; x_wconf 77' lang='grc'><strong>,</strong></span> 
     </span>
     <span class='ocr_line' id='line_1_16' title="bbox 158 1308 1644 1362; baseline 0.001 -11"><span class='ocrx_word' id='word_1_119' title='bbox 158 1310 537 1361; x_wconf 87' lang='grc' dir='ltr'>Δημοςθένους</span> <span class='ocrx_word' id='word_1_120' title='bbox 560 1308 652 1351; x_wconf 77' lang='grc' dir='ltr'>ἀλλ’</span> <span class='ocrx_word' id='word_1_121' title='bbox 678 1310 756 1361; x_wconf 87' lang='grc' dir='ltr'>οὐχ</span> <span class='ocrx_word' id='word_1_122' title='bbox 787 1310 812 1361; x_wconf 87' lang='grc' dir='ltr'>ἥ</span> <span class='ocrx_word' id='word_1_123' title='bbox 841 1312 914 1360; x_wconf 73' lang='grc' dir='ltr'>γε1</span> <span class='ocrx_word' id='word_1_124' title='bbox 947 1309 1204 1362; x_wconf 87' lang='grc' dir='ltr'>Ἰςοκράτους</span> <span class='ocrx_word' id='word_1_125' title='bbox 1236 1311 1304 1352; x_wconf 86' lang='grc' dir='ltr'>καὶ</span> <span class='ocrx_word' id='word_1_126' title='bbox 1335 1313 1422 1352; x_wconf 83' lang='grc' dir='ltr'>τῶν</span> <span class='ocrx_word' id='word_1_127' title='bbox 1454 1310 1644 1361; x_wconf 59' lang='grc' dir='ltr'>ἐκείνου2</span> 
     </span>
     <span class='ocr_line' id='line_1_17' title="bbox 157 1381 1646 1433; baseline 0.001 -11"><span class='ocrx_word' id='word_1_128' title='bbox 157 1381 381 1433; x_wconf 83' lang='grc' dir='ltr'>γνωρίμων</span> <span class='ocrx_word' id='word_1_129' title='bbox 414 1381 565 1432; x_wconf 85' lang='grc' dir='ltr'>αἵρεςις</span> <span class='ocrx_word' id='word_1_130' title='bbox 602 1381 727 1433; x_wconf 85' lang='grc' dir='ltr'>ὁμοία</span> <span class='ocrx_word' id='word_1_131' title='bbox 763 1381 933 1423; x_wconf 87' lang='grc' dir='ltr'>ταύταις</span> <span class='ocrx_word' id='word_1_132' title='bbox 965 1381 1034 1433; x_wconf 86' lang='grc' dir='ltr'>ἦν·</span> <span class='ocrx_word' id='word_1_133' title='bbox 1079 1381 1189 1423; x_wconf 89' lang='grc' dir='ltr'>ἀλλὰ</span> <span class='ocrx_word' id='word_1_134' title='bbox 1225 1382 1373 1433; x_wconf 88' lang='grc' dir='ltr'>καίπερ</span> <span class='ocrx_word' id='word_1_135' title='bbox 1409 1382 1545 1433; x_wconf 87' lang='grc' dir='ltr'>ἡδέως</span> <span class='ocrx_word' id='word_1_136' title='bbox 1576 1382 1646 1424; x_wconf 88' lang='grc' dir='ltr'>καὶ</span> 
     </span>
     <span class='ocr_line' id='line_1_18' title="bbox 160 1442 1645 1505; baseline 0.001 -12"><span class='ocrx_word' id='word_1_137' title='bbox 160 1454 492 1504; x_wconf 84' lang='grc' dir='ltr'>μεγαλοπρεπῶς</span> <span class='ocrx_word' id='word_1_138' title='bbox 539 1453 678 1494; x_wconf 88' lang='grc' dir='ltr'>πολλὰ</span> <span class='ocrx_word' id='word_1_139' title='bbox 711 1454 929 1495; x_wconf 85' lang='grc' dir='ltr'>ςυνθέντες</span> <span class='ocrx_word' id='word_1_140' title='bbox 971 1453 1011 1494; x_wconf 81' lang='grc' dir='ltr'>οἱ</span> <span class='ocrx_word' id='word_1_141' title='bbox 1050 1452 1201 1505; x_wconf 84' lang='grc' dir='ltr'>ἄνδρες</span> <span class='ocrx_word' id='word_1_142' title='bbox 1250 1452 1380 1503; x_wconf 86' lang='grc' dir='ltr'>οὗτοι,</span> <span class='ocrx_word' id='word_1_143' title='bbox 1427 1453 1523 1505; x_wconf 79' lang='grc' dir='ltr'>περὶ</span> <span class='ocrx_word' id='word_1_144' title='bbox 1569 1442 1645 1495; x_wconf 86' lang='grc' dir='ltr'>τὰς</span> 
     </span>
     <span class='ocr_line' id='line_1_19' title="bbox 162 1522 1646 1576; baseline 0.001 -11"><span class='ocrx_word' id='word_1_145' title='bbox 162 1524 395 1576; x_wconf 86' lang='grc' dir='ltr'>μεταβολὰς</span> <span class='ocrx_word' id='word_1_146' title='bbox 434 1525 500 1565; x_wconf 86' lang='grc' dir='ltr'>καὶ</span> <span class='ocrx_word' id='word_1_147' title='bbox 531 1525 607 1575; x_wconf 86' lang='grc' dir='ltr'>τὴν</span> <span class='ocrx_word' id='word_1_148' title='bbox 639 1525 849 1566; x_wconf 87' lang='grc' dir='ltr'>ποικιλίαν</span> <span class='ocrx_word' id='word_1_149' title='bbox 882 1524 933 1566; x_wconf 87' lang='grc' dir='ltr'>οὐ</span> <span class='ocrx_word' id='word_1_150' title='bbox 965 1524 1078 1566; x_wconf 89' lang='grc' dir='ltr'>πάνυ</span> <span class='ocrx_word' id='word_1_151' title='bbox 1111 1524 1372 1576; x_wconf 85' lang='grc' dir='ltr'>εὐτυχοῦςιν·</span> <span class='ocrx_word' id='word_1_152' title='bbox 1435 1522 1528 1567; x_wconf 73' lang='grc' dir='ltr'>ἀλλ’</span> <span class='ocrx_word' id='word_1_153' title='bbox 1561 1523 1646 1567; x_wconf 80' lang='grc' dir='ltr'>ἕςτι</span> 
     </span>
     <span class='ocr_line' id='line_1_20' title="bbox 161 1593 1644 1648; baseline 0.001 -12"><span class='ocrx_word' id='word_1_154' title='bbox 161 1593 259 1647; x_wconf 83' lang='grc' dir='ltr'>παρ’</span> <span class='ocrx_word' id='word_1_155' title='bbox 301 1595 444 1637; x_wconf 82' lang='grc' dir='ltr'>αὐτοῖς</span> <span class='ocrx_word' id='word_1_156' title='bbox 482 1595 539 1637; x_wconf 84' lang='grc' dir='ltr'>εἷς</span> <span class='ocrx_word' id='word_1_157' title='bbox 579 1596 779 1647; x_wconf 90' lang='grc' dir='ltr'>περιόδου</span> <span class='ocrx_word' id='word_1_158' title='bbox 820 1595 983 1646; x_wconf 85' lang='grc' dir='ltr'>κύκλος,</span> <span class='ocrx_word' id='word_1_159' title='bbox 1024 1595 1220 1647; x_wconf 85' lang='grc' dir='ltr'>ὁμοειδὴς</span> <span class='ocrx_word' id='word_1_160' title='bbox 1260 1595 1482 1648; x_wconf 88' lang='grc' dir='ltr'>ςχημὰτων</span> <span class='ocrx_word' id='word_1_161' title='bbox 1519 1595 1644 1646; x_wconf 85' lang='grc' dir='ltr'>τάξις,</span> 
     </span>
     <span class='ocr_line' id='line_1_21' title="bbox 160 1667 981 1719; baseline 0.001 -11"><span class='ocrx_word' id='word_1_162' title='bbox 160 1668 373 1718; x_wconf 80' lang='grc' dir='ltr'>ςυμπλοκὴ</span> <span class='ocrx_word' id='word_1_163' title='bbox 406 1667 668 1718; x_wconf 89' lang='grc' dir='ltr'>φωνηέντων</span> <span class='ocrx_word' id='word_1_164' title='bbox 700 1667 724 1718; x_wconf 86' lang='grc' dir='ltr'>ἡ</span> <span class='ocrx_word' id='word_1_165' title='bbox 758 1667 863 1719; x_wconf 83' lang='grc' dir='ltr'>αὐτή</span> <span class='ocrx_word' id='word_1_166' title='bbox 897 1670 981 1709; x_wconf 89' lang='grc' dir='ltr'>κτλ.</span> 
     </span>
    </p>

    <p class='ocr_par' dir='ltr' id='par_1_3' title="bbox 158 1740 1644 2289">
     <span class='ocr_line' id='line_1_22' title="bbox 301 1740 1644 1792; baseline 0.001 -13"><span class='ocrx_word' id='word_1_167' title='bbox 301 1742 543 1780; x_wconf 84' lang='lat' dir='ltr'>Demetrius</span> <span class='ocrx_word' id='word_1_168' title='bbox 583 1743 716 1792; x_wconf 84' lang='lat' dir='ltr'>igitur</span> <span class='ocrx_word' id='word_1_169' title='bbox 758 1744 874 1792; x_wconf 80' lang='lat' dir='ltr'>apud</span> <span class='ocrx_word' id='word_1_170' title='bbox 919 1747 1139 1781; x_wconf 75' lang='lat' dir='ltr'>auctorem</span> <span class='ocrx_word' id='word_1_171' title='bbox 1184 1754 1308 1781; x_wconf 85' lang='lat' dir='ltr'>suum</span> <span class='ocrx_word' id='word_1_172' title='bbox 1351 1740 1644 1792; x_wconf 83' lang='lat' dir='ltr'>v&#39;ituperatam</span> 
     </span>
     <span class='ocr_line' id='line_1_23' title="bbox 161 1813 1641 1863; baseline 0.001 -13"><span class='ocrx_word' id='word_1_173' title='bbox 161 1813 273 1850; x_wconf 86' lang='lat' dir='ltr'>vidit</span> <span class='ocrx_word' id='word_1_174' title='bbox 304 1814 506 1851; x_wconf 83' lang='lat' dir='ltr'>Isocratis</span> <span class='ocrx_word' id='word_1_175' title='bbox 539 1815 903 1863; x_wconf 74' lang='lat' dir='ltr'>compositionem,</span> <span class='ocrx_word' id='word_1_176' title='bbox 938 1815 1159 1853; x_wconf 82' lang='lat' dir='ltr'>laudatam</span> <span class='ocrx_word' id='word_1_177' title='bbox 1183 1814 1406 1859; x_wconf 75' lang='lat' dir='ltr'>Herodoti,</span> <span class='ocrx_word' id='word_1_178' title='bbox 1438 1814 1641 1861; x_wconf 85' lang='lat' dir='ltr'>Platonis,</span> 
     </span>
     <span class='ocr_line' id='line_1_24' title="bbox 159 1882 1643 1934; baseline 0.001 -12"><span class='ocrx_word' id='word_1_179' title='bbox 159 1885 354 1927; x_wconf 85' lang='lat' dir='ltr'>aliorum.</span> <span class='ocrx_word' id='word_1_180' title='bbox 417 1886 502 1922; x_wconf 87' lang='lat' dir='ltr'>iam</span> <span class='ocrx_word' id='word_1_181' title='bbox 534 1896 636 1923; x_wconf 88' lang='lat' dir='ltr'>vero</span> <span class='ocrx_word' id='word_1_182' title='bbox 670 1896 767 1923; x_wconf 88' lang='lat' dir='ltr'>cum</span> <span class='ocrx_word' id='word_1_183' title='bbox 800 1886 892 1934; x_wconf 86' lang='lat' dir='ltr'>ipse</span> <span class='ocrx_word' id='word_1_184' title='bbox 923 1883 964 1934; x_wconf 66' lang='grc' dir='ltr'>(ἓ</span> <span class='ocrx_word' id='word_1_185' title='bbox 982 1882 1054 1934; x_wconf 83' lang='grc'>36)</span> <span class='ocrx_word' id='word_1_186' title='bbox 1087 1886 1140 1924; x_wconf 80' lang='lat' dir='ltr'>(le</span> <span class='ocrx_word' id='word_1_187' title='bbox 1173 1886 1443 1934; x_wconf 74' lang='lat' dir='ltr'>simplicibus</span> <span class='ocrx_word' id='word_1_188' title='bbox 1475 1890 1643 1924; x_wconf 85' lang='lat' dir='ltr'>tantum</span> 
     </span>
     <span class='ocr_line' id='line_1_25' title="bbox 159 1956 1644 2006; baseline 0.001 -13"><span class='ocrx_word' id='word_1_189' title='bbox 159 1956 391 2005; x_wconf 86' lang='lat' dir='ltr'>generibus</span> <span class='ocrx_word' id='word_1_190' title='bbox 423 1957 539 2005; x_wconf 83' lang='lat' dir='ltr'>loqui</span> <span class='ocrx_word' id='word_1_191' title='bbox 581 1957 662 1994; x_wconf 88' lang='lat' dir='ltr'>sibi</span> <span class='ocrx_word' id='word_1_192' title='bbox 702 1957 1007 2006; x_wconf 80' lang='lat' dir='ltr'>proposuisset,</span> <span class='ocrx_word' id='word_1_193' title='bbox 1057 1957 1217 1995; x_wconf 86' lang='lat' dir='ltr'>omissa</span> <span class='ocrx_word' id='word_1_194' title='bbox 1247 1957 1451 1995; x_wconf 84' lang='lat' dir='ltr'>Isocratis</span> <span class='ocrx_word' id='word_1_195' title='bbox 1482 1957 1644 1995; x_wconf 83' lang='lat' dir='ltr'>Isocra-</span> 
     </span>
     <span class='ocr_line' id='line_1_26' title="bbox 159 2028 1643 2076; baseline 0.001 -12"><span class='ocrx_word' id='word_1_196' title='bbox 159 2031 410 2075; x_wconf 88' lang='lat' dir='ltr'>teorumque</span> <span class='ocrx_word' id='word_1_197' title='bbox 441 2028 598 2065; x_wconf 85' lang='lat' dir='ltr'>vitiosa</span> <span class='ocrx_word' id='word_1_198' title='bbox 629 2029 937 2076; x_wconf 85' lang='lat' dir='ltr'>compositione</span> <span class='ocrx_word' id='word_1_199' title='bbox 971 2040 1043 2066; x_wconf 87' lang='lat' dir='ltr'>eos</span> <span class='ocrx_word' id='word_1_200' title='bbox 1075 2029 1205 2074; x_wconf 89' lang='lat' dir='ltr'>viros,</span> <span class='ocrx_word' id='word_1_201' title='bbox 1239 2039 1346 2076; x_wconf 87' lang='lat' dir='ltr'>quos</span> <span class='ocrx_word' id='word_1_202' title='bbox 1378 2032 1529 2066; x_wconf 84' lang='lat' dir='ltr'>auctor</span> <span class='ocrx_word' id='word_1_203' title='bbox 1551 2028 1643 2067; x_wconf 86' lang='lat' dir='ltr'>eius</span> 
     </span>
     <span class='ocr_line' id='line_1_27' title="bbox 159 2095 1642 2150; baseline 0.001 -15"><span class='ocrx_word' id='word_1_204' title='bbox 159 2099 321 2136; x_wconf 81' lang='lat' dir='ltr'>mixtae</span> <span class='ocrx_word' id='word_1_205' title='bbox 344 2099 640 2148; x_wconf 87' lang='lat' dir='ltr'>compositioni</span> <span class='ocrx_word' id='word_1_206' title='bbox 665 2100 828 2144; x_wconf 88' lang='lat' dir='ltr'>tribuit,</span> <span class='ocrx_word' id='word_1_207' title='bbox 864 2100 1104 2149; x_wconf 78' lang='lat' dir='ltr'>assignavit</span> <span class='ocrx_word' id='word_1_208' title='bbox 1121 2099 1169 2150; x_wconf 88' lang='grc' dir='ltr'>τῇ</span> <span class='ocrx_word' id='word_1_209' title='bbox 1188 2098 1388 2149; x_wconf 85' lang='grc' dir='ltr'>γλαφυρᾷ</span> <span class='ocrx_word' id='word_1_210' title='bbox 1407 2095 1642 2150; x_wconf 75' lang='grc' dir='ltr'>ἁρμονίᾳ*;</span> 
     </span>
     <span class='ocr_line' id='line_1_28' title="bbox 158 2170 1644 2219; baseline 0.001 -13"><span class='ocrx_word' id='word_1_211' title='bbox 158 2181 297 2217; x_wconf 89' lang='lat' dir='ltr'>neque</span> <span class='ocrx_word' id='word_1_212' title='bbox 329 2170 442 2207; x_wconf 86' lang='lat' dir='ltr'>enim</span> <span class='ocrx_word' id='word_1_213' title='bbox 480 2171 682 2209; x_wconf 79' lang='lat' dir='ltr'>obstabat</span> <span class='ocrx_word' id='word_1_214' title='bbox 714 2170 989 2208; x_wconf 86' lang='lat' dir='ltr'>Demetriana</span> <span class='ocrx_word' id='word_1_215' title='bbox 1026 2171 1143 2209; x_wconf 90' lang='lat' dir='ltr'>illius</span> <span class='ocrx_word' id='word_1_216' title='bbox 1183 2170 1504 2219; x_wconf 86' lang='lat' dir='ltr'>compositionis</span> <span class='ocrx_word' id='word_1_217' title='bbox 1545 2171 1644 2209; x_wconf 90' lang='lat' dir='ltr'>defi-</span> 
     </span>
     <span class='ocr_line' id='line_1_29' title="bbox 160 2237 1628 2289; baseline 0.001 -11"><span class='ocrx_word' id='word_1_218' title='bbox 160 2241 265 2278; x_wconf 89' lang='lat' dir='ltr'>nitio</span> <span class='ocrx_word' id='word_1_219' title='bbox 298 2237 413 2289; x_wconf 81' lang='lat'>(180.</span> <span class='ocrx_word' id='word_1_220' title='bbox 451 2237 561 2289; x_wconf 84' lang='lat'>181).</span> <span class='ocrx_word' id='word_1_221' title='bbox 1621 2282 1628 2289; x_wconf 64' lang='grc'>,</span> 
     </span>
    </p>

    <p class='ocr_par' dir='ltr' id='par_1_4' title="bbox 160 2307 1643 2434">
     <span class='ocr_line' id='line_1_30' title="bbox 302 2307 1643 2362; baseline 0.002 -13"><span class='ocrx_word' id='word_1_222' title='bbox 302 2307 573 2360; x_wconf 83' lang='grc' dir='ltr'>Χαρακτὴρ</span> <span class='ocrx_word' id='word_1_223' title='bbox 606 2309 835 2360; x_wconf 80' lang='grc' dir='ltr'>κακόζηλος</span> <span class='ocrx_word' id='word_1_224' title='bbox 855 2309 1122 2362; x_wconf 73' lang='lat'>(186—189)</span> <span class='ocrx_word' id='word_1_225' title='bbox 1138 2314 1396 2354; x_wconf 72' lang='lat' dir='ltr'>constitutus</span> <span class='ocrx_word' id='word_1_226' title='bbox 1419 2313 1536 2352; x_wconf 80' lang='lat' dir='ltr'>certe</span> <span class='ocrx_word' id='word_1_227' title='bbox 1557 2325 1643 2352; x_wconf 89' lang='lat' dir='ltr'>non</span> 
     </span>
     <span class='ocr_line' id='line_1_31' title="bbox 160 2379 1641 2434; baseline 0.002 -14"><span class='ocrx_word' id='word_1_228' title='bbox 160 2388 224 2420; x_wconf 85' lang='lat' dir='ltr'>cst</span> <span class='ocrx_word' id='word_1_229' title='bbox 241 2395 266 2420; x_wconf 90' lang='lat' dir='ltr'>a</span> <span class='ocrx_word' id='word_1_230' title='bbox 284 2383 592 2432; x_wconf 81' lang='lat' dir='ltr'>Theophrasto,</span> <span class='ocrx_word' id='word_1_231' title='bbox 617 2384 789 2434; x_wconf 83' lang='lat' dir='ltr'>singula</span> <span class='ocrx_word' id='word_1_232' title='bbox 805 2389 949 2423; x_wconf 81' lang='lat' dir='ltr'>autem</span> <span class='ocrx_word' id='word_1_233' title='bbox 966 2379 1172 2423; x_wconf 87' lang='lat' dir='ltr'>videntu&#39;r</span> <span class='ocrx_word' id='word_1_234' title='bbox 1189 2384 1511 2434; x_wconf 84' lang='lat' dir='ltr'>Theophrastea</span> <span class='ocrx_word' id='word_1_235' title='bbox 1534 2396 1641 2423; x_wconf 88' lang='lat' dir='ltr'>esse.</span> 
     </span>
    </p>
   </div>
   <div class='ocr_carea' id='block_1_3' title="bbox 162 2579 1641 2866">
    <p class='ocr_par' dir='ltr' id='par_1_5' title="bbox 162 2579 1248 2685">
     <span class='ocr_line' id='line_1_32' title="bbox 305 2579 1248 2628; baseline 0.003 -13"><span class='ocrx_word' id='word_1_236' title='bbox 305 2579 317 2603; x_wconf 86' lang='lat'>¹</span> <span class='ocrx_word' id='word_1_237' title='bbox 343 2581 411 2624; x_wconf 84' lang='grc' dir='ltr'>οὐχ</span> <span class='ocrx_word' id='word_1_238' title='bbox 438 2582 460 2624; x_wconf 83' lang='grc' dir='ltr'>ἥ</span> <span class='ocrx_word' id='word_1_239' title='bbox 487 2592 528 2623; x_wconf 86' lang='grc' dir='ltr'>γε</span> <span class='ocrx_word' id='word_1_240' title='bbox 555 2581 602 2625; x_wconf 79' lang='lat' dir='ltr'>P3</span> <span class='ocrx_word' id='word_1_241' title='bbox 630 2581 711 2624; x_wconf 84' lang='grc' dir='ltr'>οὐχὶ</span> <span class='ocrx_word' id='word_1_242' title='bbox 736 2582 759 2624; x_wconf 89' lang='grc' dir='ltr'>ή</span> <span class='ocrx_word' id='word_1_243' title='bbox 786 2580 834 2626; x_wconf 62' lang='lat' dir='ltr'>F,</span> <span class='ocrx_word' id='word_1_244' title='bbox 861 2583 929 2625; x_wconf 80' lang='grc' dir='ltr'>οὐχ</span> <span class='ocrx_word' id='word_1_245' title='bbox 956 2584 977 2624; x_wconf 86' lang='grc' dir='ltr'>ἡ</span> <span class='ocrx_word' id='word_1_246' title='bbox 1006 2583 1096 2628; x_wconf 85' lang='lat' dir='ltr'>epit.</span> <span class='ocrx_word' id='word_1_247' title='bbox 1231 2580 1248 2605; x_wconf 81' lang='lat'><strong>2</strong></span> 
     </span>
     <span class='ocr_line' id='line_1_33' title="bbox 162 2639 321 2685; baseline 0 -11"><span class='ocrx_word' id='word_1_248' title='bbox 162 2639 202 2683; x_wconf 80' lang='lat' dir='ltr'>F,</span> <span class='ocrx_word' id='word_1_249' title='bbox 231 2641 321 2685; x_wconf 82' lang='lat' dir='ltr'>epit.</span> 
     </span>
    </p>

    <p class='ocr_par' dir='ltr' id='par_1_6' title="bbox 162 2699 1641 2866">
     <span class='ocr_line' id='line_1_34' title="bbox 301 2699 1641 2746; baseline 0.004 -14"><span class='ocrx_word' id='word_1_250' title='bbox 301 2699 320 2719; x_wconf 57' lang='lat'>*²</span> <span class='ocrx_word' id='word_1_251' title='bbox 346 2699 521 2744; x_wconf 79' lang='lat' dir='ltr'>Egregie</span> <span class='ocrx_word' id='word_1_252' title='bbox 555 2700 627 2734; x_wconf 86' lang='lat' dir='ltr'>sibi</span> <span class='ocrx_word' id='word_1_253' title='bbox 663 2704 818 2735; x_wconf 82' lang='lat' dir='ltr'>constat</span> <span class='ocrx_word' id='word_1_254' title='bbox 844 2701 1089 2736; x_wconf 83' lang='lat' dir='ltr'>Demetrius:</span> <span class='ocrx_word' id='word_1_255' title='bbox 1130 2705 1149 2743; x_wconf 60' lang='grc' dir='ltr'><em>ξ</em></span> <span class='ocrx_word' id='word_1_256' title='bbox 1181 2702 1227 2736; x_wconf 87' lang='grc'>37</span> <span class='ocrx_word' id='word_1_257' title='bbox 1253 2701 1472 2746; x_wconf 84' lang='lat' dir='ltr'>Platonem,</span> <span class='ocrx_word' id='word_1_258' title='bbox 1511 2701 1641 2738; x_wconf 84' lang='lat' dir='ltr'>Xeno-</span> 
     </span>
     <span class='ocr_line' id='line_1_35' title="bbox 162 2758 1640 2810; baseline 0.003 -18"><span class='ocrx_word' id='word_1_259' title='bbox 162 2759 359 2803; x_wconf 82' lang='lat' dir='ltr'>phontem,</span> <span class='ocrx_word' id='word_1_260' title='bbox 397 2758 643 2793; x_wconf 82' lang='lat' dir='ltr'>Herodotum</span> <span class='ocrx_word' id='word_1_261' title='bbox 671 2760 794 2794; x_wconf 82' lang='lat' dir='ltr'>mixto</span> <span class='ocrx_word' id='word_1_262' title='bbox 834 2761 1064 2796; x_wconf 78' lang='lat' dir='ltr'>charactere</span> <span class='ocrx_word' id='word_1_263' title='bbox 1090 2762 1146 2796; x_wconf 81' lang='lat' dir='ltr'>uti</span> <span class='ocrx_word' id='word_1_264' title='bbox 1180 2761 1284 2805; x_wconf 77' lang='lat' dir='ltr'>dicit,</span> <span class='ocrx_word' id='word_1_265' title='bbox 1325 2761 1374 2797; x_wconf 85' lang='lat' dir='ltr'>de</span> <span class='ocrx_word' id='word_1_266' title='bbox 1399 2762 1533 2797; x_wconf 81' lang='lat' dir='ltr'>mixtis</span> <span class='ocrx_word' id='word_1_267' title='bbox 1558 2771 1640 2810; x_wconf 85' lang='lat' dir='ltr'>non</span> 
     </span>
     <span class='ocr_line' id='line_1_36' title="bbox 162 2819 1308 2866; baseline 0.003 -15"><span class='ocrx_word' id='word_1_268' title='bbox 162 2823 220 2852; x_wconf 75' lang='lat' dir='ltr'>cst</span> <span class='ocrx_word' id='word_1_269' title='bbox 246 2819 463 2862; x_wconf 85' lang='lat' dir='ltr'>locuturus,</span> <span class='ocrx_word' id='word_1_270' title='bbox 490 2821 662 2864; x_wconf 83' lang='grc' dir='ltr'>γλαφυρᾷ</span> <span class='ocrx_word' id='word_1_271' title='bbox 689 2819 844 2864; x_wconf 85' lang='grc' dir='ltr'>ἁρμονίᾳ</span> <span class='ocrx_word' id='word_1_272' title='bbox 870 2821 977 2865; x_wconf 76' lang='lat' dir='ltr'>ipsos</span> <span class='ocrx_word' id='word_1_273' title='bbox 1003 2820 1090 2856; x_wconf 87' lang='lat' dir='ltr'>illos</span> <span class='ocrx_word' id='word_1_274' title='bbox 1118 2821 1308 2866; x_wconf 80' lang='lat' dir='ltr'>assignat.</span> 
     </span>
    </p>
   </div>
   <div class='ocr_carea' id='block_1_4' title="bbox 1273 2581 1653 2627">
    <p class='ocr_par' dir='ltr' id='par_1_7' title="bbox 1273 2581 1653 2627">
     <span class='ocr_line' id='line_1_37' title="bbox 1273 2581 1653 2627; baseline 0 -10"><span class='ocrx_word' id='word_1_275' title='bbox 1273 2582 1402 2627; x_wconf 77' lang='grc' dir='ltr'>ἐκείνῳ</span> <span class='ocrx_word' id='word_1_276' title='bbox 1421 2582 1452 2617; x_wconf 92' lang='lat' dir='ltr'><strong>P</strong></span> <span class='ocrx_word' id='word_1_277' title='bbox 1462 2595 1471 2627; x_wconf 82' lang='lat'>3</span> <span class='ocrx_word' id='word_1_278' title='bbox 1498 2581 1653 2618; x_wconf 86' lang='grc' dir='ltr'>ἐκείνου·</span> 
     </span>
    </p>
   </div>
   <div class='ocr_carea' id='block_1_5' title="bbox 1692 0 1826 98">
    <p class='ocr_par' dir='ltr' id='par_1_8' title="bbox 1692 0 1826 98">
     <span class='ocr_line' id='line_1_38' title="bbox 1692 0 1826 98; baseline 0 2936"><span class='ocrx_word' id='word_1_279' title='bbox 1692 0 1826 98; x_wconf 95' lang='lat' dir='ltr'> </span> 
     </span>
    </p>
   </div>
  </div>
 </body>
</html>
