1826 3034
814 190 1023 225 -8-

180 313 258 363 τὴν
290 312 384 363 περὶ
416 311 643 353 ςυνθέςεως
676 312 761 352 τῶν
793 309 1018 362 ὀνομάτων
1049 309 1337 361 πραγματείαν
1369 308 1553 359 ὀλίγοις1
1587 308 1662 360 μὲν

179 384 247 425 ε’ττὶ
279 385 383 425 νοῦν
415 383 631 431 ἑλθοῦςαν,
680 381 769 423 ὅςοι
800 383 887 423 τῶν
926 380 1114 432 ἀρχαίων
1148 380 1369 432 ῥητορικὰς
1401 380 1426 431 ἢ
1460 381 1661 422 διαλεκτι-

179 455 283 505 κόις,2
315 455 585 505 ςυνέγραψαν
616 453 776 504 τέχνας,
809 453 951 494 οὐδενὶ
984 450 1020 493 δ’
1055 451 1234 504 ἀκριβῶς
1258 449 1349 493 οὐδ’
1373 451 1661 502 ἀποχρώντως

181 526 299 577 μέχρι
330 527 405 566 τοῦ
438 525 662 576 παρόντος,
695 524 752 565 ὡς
785 524 868 573 ἐγὼ
900 523 1107 574 πείθομαι.
1161 522 1236 564 ἐὰν
1269 520 1305 563 δ’
1339 522 1560 573 ἐγγένηταί
1591 535 1661 573 μοι

178 597 318 648 ςχολή,
365 597 432 637 καὶ
470 597 564 647 περὶ
603 598 676 646 τῆς
716 595 891 655 ἐκλογῆς
931 596 1017 636 τῶν
1057 594 1280 645 ὀνομάτων
1325 593 1473 645 ἑτέραν
1516 593 1661 636 ἑξοίςω

179 669 269 710 ςοι3
301 668 482 719 γραφήν,
528 666 600 709 ἵνα
630 667 706 708 τὸν
739 667 928 708 λεκτικὸν
959 666 1094 707 τόπον
1133 666 1303 707 τελείως
1343 665 1661 716 ἐξειργαςμένον

179 739 286 794 ἔχῃς.
339 743 373 780 si
406 742 530 780 alteri
563 753 691 789 quam
725 752 769 779 Sc
801 741 1061 789 scripturum
1093 740 1304 788 promittit
1335 739 1446 788 parti
1480 750 1526 777 re
1557 736 1663 777 vera

180 815 329 852 titulus
361 814 665 863 praefigendus
697 816 788 850 crat
820 809 916 859 περὶ
946 811 1018 859 τῆς
1052 808 1238 858 ἐκλογῆς,
1271 811 1419 849 iudicii
1454 809 1660 860 de'fDem.

179 896 278 934 pars
310 886 448 934 prima
479 882 549 932 (de
582 884 835 922 elocutionis
867 883 1112 933 generibus,
1153 894 1188 920 c.
1226 878 1383 931 1—›34)
1415 893 1500 920 non
1532 882 1664 920 habet

179 967 262 1004 quo
294 957 520 994 referatur.
568 966 669 993 nam
701 966 962 1002 quamquam
995 955 1037 992 in
1070 954 1309 992 elocutione
1343 953 1546 1010 primario
1569 953 1662 991 loco

179 1031 397 1075 spectatur
429 1027 622 1064 delectus
653 1027 899 1071 verborum,
934 1030 1077 1063 tamen
1101 1037 1156 1063 ex
1179 1025 1267 1063 iud.
1293 1025 1346 1062 dc
1367 1025 1488 1062 Dem.
1511 1025 1662 1062 videre

179 1099 280 1136 licet
312 1098 580 1146 aliquantum
613 1097 943 1135 csse-orationis
976 1097 1257 1143 continuaess3
1306 1096 1389 1134 nisi
1422 1095 1519 1144 quis
1552 1096 1662 1134 forte

323 1222 335 1247 1
361 1224 497 1266 ὀλίγοις
526 1223 657 1268 codd.;
686 1224 755 1257 οὐκ
781 1222 916 1265 ὀλίγοις
943 1223 1052 1268 vulg.

321 1282 336 1306 '2
362 1284 589 1318 διαλεκτικὰς
614 1283 659 1327 Ἐς
687 1284 745 1317 καὶ
771 1283 938 1317 λεκτικὰς
964 1282 994 1316 Ρ
1142 1280 1156 1304 3
1182 1293 1235 1316 ςοι
1264 1293 1337 1316 om.
1365 1282 1394 1316 F

322 1343 341 1363 '⁴'-
367 1343 489 1378 Nimis
516 1342 710 1377 audacter
736 1341 978 1376 Altschulius
1004 1341 1079 1383 (Dc
1105 1341 1296 1376 Demetrii
1323 1341 1492 1376 rhetoris
1519 1344 1662 1384 aetate,

178 1402 284 1447 Lips.
314 1402 414 1437 1889.
442 1413 477 1447 p.
504 1402 562 1443 ⁶28)
593 1402 795 1436 contendit
823 1402 958 1435 iudicii
987 1401 1036 1435 de
1062 1401 1173 1435 Dem.
1206 1401 1340 1445 primis
1368 1400 1534 1435 XXXIV
1561 1401 1665 1445 capi-

180 1462 286 1496 tibus
304 1462 357 1496 nil
377 1463 547 1507 spectari
574 1462 649 1496 nisi
677 1462 834 1504 ἐκλογὴν
859 1463 936 1495 τῶν
963 1460 1168 1503 ὀνομάτων.
1198 1480 1240 1484 —-
1269 1465 1445 1495 ceterum
1465 1459 1664 1503 Cornificii

180 1521 378 1563 liber.IV,
422 1521 535 1555 cuius
575 1521 781 1565 dispositio
824 1524 862 1555 et
901 1520 1108 1554 consilium
1148 1520 1289 1554 similia
1331 1524 1423 1554 sunt
1462 1519 1665 1555 Ciceronis

180 1581 348 1623 Oratori,
375 1581 600 1615 testimonio
629 1584 688 1615 est
706 1580 887 1624 Dionysii
908 1580 1038 1614 λέξεως
1064 1582 1299 1623 χαρακτῆρας
1325 1579 1380 1614 sic
1405 1582 1449 1614 ut
1474 1589 1551 1625 ego
1577 1589 1665 1624 pro-

180 1640 294 1685 posui
321 1640 611 1685 intellegendos
640 1650 735 1683 esse,
777 1642 794 1680 ἓ
823 1640 883 1674 10:
923 1639 1139 1684 “bipertita
1173 1639 1298 1683 igitur
1332 1639 1406 1673 erit
1438 1639 1554 1673 nobis
1589 1638 1665 1673 elo-

179 1700 348 1734 cutionis
375 1700 615 1744 praeceptio.
644 1699 813 1744 primum
842 1699 1019 1733 dicemus
1047 1699 1193 1743 quibus
1218 1699 1258 1732 in
1278 1699 1496 1743 generibus
1523 1698 1664 1733 verbo-

179 1769 265 1793 rum
294 1758 421 1799 (codd.
450 1769 605 1802 eorum,
639 1769 711 1793 em.
738 1757 907 1802 Kayser)
941 1768 1096 1802 semper
1125 1758 1250 1792 omnis
1282 1758 1457 1792 oratoria
1490 1757 1663 1792 elocutio

180 1818 323 1852 debeat
350 1827 452 1862 essc3
481 1818 625 1852 deinde
652 1817 916 1860 ostendemus,
946 1827 1046 1861 quas
1064 1827 1127 1851 res
1147 1827 1303 1861 semper
1329 1817 1478 1851 habere
1504 1817 1661 1852 debeat.

179 1880 271 1911 sunt
296 1877 420 1922 igitur
445 1878 522 1911 tria
547 1887 709 1921 genera,
737 1887 842 1921 quae
873 1887 1026 1921 genera
1051 1887 1124 1910 nos
1150 1877 1302 1921 figuras
1329 1876 1588 1921 appellamus,
1623 1876 1663 1910 in

180 1937 325 1980 quibus
353 1937 478 1971 omnis
506 1937 632 1971 oratio
660 1947 740 1970 non
768 1937 913 1970 vitiosa
941 1936 1206 1970 consumitur:
1244 1946 1366 1970 unam
1393 1946 1572 1981 gravem,
1611 1935 1664 1970 al-

180 2002 305 2031 teram
331 1995 581 2039 mediocrem,
609 1996 767 2030 tertiam
795 1998 1054 2030 extenuatam
1075 2005 1277 2030 vocamus.
1306 1995 1443 2040 gravis
1462 1999 1532 2039 est,
1558 2005 1664 2039 quac

180 2058 335 2090 constat
370 2066 419 2089 ex
458 2055 673 2089 verborum
713 2056 900 2100 gravium
936 2058 974 2089 et
1004 2055 1080 2089 levi
1109 2059 1147 2089 et
1185 2060 1328 2089 ornata
1367 2055 1663 2090 constructione

179 2116 334 2154 (moneo
360 2114 730 2149 ‘constructionem'
755 2125 836 2148 non
862 2114 966 2148 idem
994 2124 1146 2148 esseae
1166 2113 1412 2149 Graecorum
1439 2113 1661 2157 dpuoviuvl).

178 2173 388 2208 mediocris
415 2180 483 2216 est,
511 2183 616 2217 quae
643 2177 797 2207 constat
824 2183 873 2207 cx
901 2173 1110 2207 humiliore
1139 2183 1271 2217 neque
1290 2177 1422 2207 tamen
1451 2184 1500 2208 ex
1526 2174 1663 2208 infima

179 2236 218 2267 et
244 2233 594 2277 pervulgatissima
620 2233 835 2267 verborum
864 2232 1060 2277 dignitate
1087 2245 1142 2276 sq.
1182 2233 1221 2266 in
1253 2233 1370 2277 gravi
1406 2237 1684 2268 consumetur-

180 2292 306 2326 oratio
333 2291 476 2336 figura,
504 2292 533 2326 si
554 2302 658 2336 quae
677 2293 872 2335 cuiusque
890 2292 946 2325 rei
966 2295 1155 2336 poterunt
1175 2293 1487 2326 ornatissima
1514 2293 1662 2327 verba

179 2351 354 2395 reperiri,
395 2351 480 2385 sive
512 2352 674 2396 propria
707 2351 792 2385 sive
819 2355 1023 2394 extranea,
1060 2351 1112 2385 ad
1138 2361 1465 2395 unamquamque
1491 2361 1575 2386 rem
1601 2362 1663 2386 ac-

180 2410 551 2453 commodabuntur,
591 2414 627 2444 et
656 2411 685 2444 si
713 2421 890 2455 graves
917 2411 1206 2454 sententiae,
1247 2421 1350 2454 quae
1377 2411 1415 2444 in
1450 2411 1663 2456 amplifica-

179 2469 287 2504 tione
313 2473 351 2503 et
378 2470 721 2504 conn'niscratione
747 2473 982 2513 tractantur,
1022 2470 1232 2514 eligentur,
1267 2474 1304 2504 et
1331 2470 1362 2503 si
1389 2470 1663 2506 exornatio·

180 2538 261 2562 nes
280 2529 637 2563 sententiarum
657 2540 680 2562 a
691 2533 740 2563 ut
766 2529 1032 2572 verborum,
1060 2539 1164 2573 quac
1182 2530 1424 2574 gravitatem
1444 2529 1661 2573 habebunt,

181 2587 231 2621 dc
257 2587 402 2631 quibus
430 2591 519 2632 post
546 2587 733 2631 dicemus,
768 2585 1107 2622 adhibebuntur.''
1156 2588 1299 2623 deinde
1327 2592 1345 2629 ,ξ
1376 2589 1419 2623 17
1446 2589 1663 2634 exponitur

179 2646 307 2690 “quas
343 2657 406 2680 res
442 2646 586 2681 debeat
618 2647 767 2681 habere
806 2647 1019 2682 elocutio
1062 2647 1309 2682 commoda
1342 2651 1386 2682 et
1421 2650 1662 2693 perfecta:

182 2708 273 2740 sunt
300 2705 511 2750 elegantia,
540 2707 784 2750 compositio,
813 2706 1023 2751 ‹lig11itas''.
1075 2705 1273 2742 Cornificii
1305 2711 1510 2742 auctorem
1537 2707 1662 2743 Theo-

181 2764 369 2808 phrastea
394 2764 657 2799 traderenon
686 2775 733 2799 ea
764 2765 923 2809 quidem
943 2776 993 2799 ex
1013 2766 1098 2810 ipso
1126 2766 1279 2809 hausta,
1307 2766 1377 2800 sed
1403 2767 1660 2802 multifariam

181 2826 334 2858 mutata
360 2834 431 2868 per
456 2823 600 2859 multos
626 2824 776 2860 rivulos
804 2825 1006 2869 accepisse
1032 2828 1182 2860 certum
1210 2825 1301 2860 mihi
1329 2830 1397 2860 est.
