1826 3034
792 161 1027 196 „38-

166 301 259 328 esse
277 289 440 328 Stoicos
458 291 605 336 aperte
624 287 809 324 dixerat.
843 276 966 323 Dion‘.
993 285 1046 323 de
1071 285 1194 322 Dem,
1216 280 1288 322 48.
1314 280 1441 334 1101,
1463 280 1492 321 4
1514 284 1657 332 ipsum

166 361 381 398 Zenonem
413 359 606 396 nominat
638 357 779 406 quarti
805 357 1005 394 elementi
1028 356 1318 394 inventorem:
1350 354 1439 393 τοῖς
1471 350 1657 403 πρώτοις

166 427 325 479 μορίοις
357 430 429 478 τῆς
454 426 614 475 λέξεως,
637 425 664 467 ἃ
688 426 738 476 δὴ
762 426 946 476 ςτοιχεῑα
978 423 1063 465 ὑπό
1084 437 1214 465 τινων
1236 425 1435 473 καλεῖται,
1457 423 1540 465 εἴτε
1561 422 1656 474 τρία

165 496 280 540 ταῦτ’
315 498 433 547 ἐςτίν,
467 497 523 538 ὡς
562 496 770 551 Θεοδέκτῃ
804 510 848 538 τε
888 496 955 537 καὶ
985 494 1256 546 Ἀριςτοτὲλει
1297 497 1423 545 δοκεῖ,
1465 494 1657 547 ὀνόματα

166 571 232 611 καὶ
265 570 427 621 ῥήματα
459 569 525 610 καὶ
557 567 783 618 ςύνδεςμοι,
807 567 888 609 εἴτε
920 567 1109 618 τέτταρα,
1143 566 1199 607 ὡς
1231 569 1321 608 τοῖς
1343 567 1439 618 περὶ
1470 565 1656 617 Ζήνωνα

166 641 241 683 τὸν
256 641 444 682 Στωικὸν
466 642 550 681 κτλ.
574 639 673 692 (εἴτε
694 639 874 690 τέτταρα
891 663 948 667 ——-
965 638 1155 679 Στωικὸν
1185 646 1284 679 sunt
1306 642 1351 680 in
1374 642 1411 679 A
1433 645 1476 680 et
1497 641 1550 690 P;
1574 652 1657 679 om.

167 713 334 764 Palat.).
382 716 426 752 in
459 715 563 752 artis
595 715 791 763 poeticae
823 714 999 751 Aristot.
1033 724 1067 750 c.
1099 709 1156 750 20
1188 716 1363 762 praeter
1393 716 1481 750 tres
1513 715 1659 762 partes

169 787 299 824 etiam
331 787 386 824 ab
418 787 491 824 1110
515 790 690 824 auctore
715 785 935 823 Aristoteli
961 785 1144 822 tributas
1177 779 1338 832 ἄρθρον
1362 784 1540 822 affer-tur
1571 794 1660 822 cor-

170 858 429 906 ruptissimis
462 858 638 905 quidem
669 857 830 906 verbis,
864 861 908 893 at
941 856 1129 894 affertur.
1191 855 1371 901 Vsener,
1411 858 1459 893 ut
1499 855 1660 894 dissen-

169 930 331 967 sionem
376 929 575 974 solveret,
625 928 796 976 Quaest.
834 927 1035 965 Anaxim.
1076 939 1115 976 p.
1148 923 1203 964 39
1246 926 1432 964 coniecit
1468 926 1660 974 Halicar-

168 1001 342 1038 nasensi
376 997 463 1046 (vel
496 1000 588 1038 eius
620 997 803 1047 auctori)
836 999 880 1037 in
903 999 1046 1036 animo
1078 999 1212 1037 fuisse
1237 998 1522 1036 Aristoteleae
1554 997 1661 1036 artis

168 1073 273 1110 rhet.
306 1073 421 1110 locos
455 1072 575 1121 (11105,
612 1067 725 1108 1404
747 1071 774 1108 b
798 1067 873 1108 26:
914 1066 1054 1108 ὄντων
1087 1064 1122 1107 δ’
1158 1065 1382 1117 ὀνομάτων
1421 1065 1490 1107 καὶ
1530 1063 1660 1117 ῥημά-

169 1154 256 1181 των
288 1139 330 1182 ἑΞ
364 1138 424 1181 ὧν
458 1139 481 1181 ὁ
516 1139 642 1189 λόγος
675 1138 922 1189 ςυνὲςτηκεν
955 1146 997 1179 et
1032 1138 1141 1179 1407
1174 1153 1200 1179 a
1221 1138 1298 1179 20:
1328 1135 1398 1181 <τὸ
1428 1136 1660 1187 ἑλληνίζειν

171 1209 275 1253 ἑςτὶ>
304 1213 476 1262 πρῶτον
494 1211 568 1262 μὲν
586 1211 631 1252 ἐν
649 1213 737 1251 τοῖς
759 1210 999 1261 ςυνδέςμοις
1023 1210 1209 1261 (confert
1231 1213 1361 1251 etiam
1386 1208 1498 1250 1403
1521 1212 1549 1249 b
1571 1207 1660 1260 32),

171 1286 328 1334 quibus
361 1286 682 1334 comprehensis
720 1290 806 1323 tres
846 1285 941 1322 illas
979 1289 1124 1333 partes
1167 1284 1422 1332 invenisset3
1463 1286 1662 1331 quartam

170 1361 335 1406 partem
368 1352 562 1406 (ἄρθρον)
594 1362 738 1394 notam
787 1356 960 1404 quidem
1010 1356 1142 1393 fuisse
1182 1355 1402 1393 Aristoteli
1441 1365 1498 1392 ex
1544 1354 1661 1392 Anti—

170 1429 331 1466 sthenis
355 1429 566 1473 doctrina,
591 1428 634 1465 in
667 1428 802 1476 ipsius
820 1432 963 1465 autem
989 1432 1180 1476 systema
1211 1438 1297 1464 non
1319 1429 1550 1475 receptam.
1581 1425 1662 1463 hoc

171 1511 338 1547 nequeo
372 1500 570 1548 probare,
595 1500 697 1547 quia
719 1500 905 1548 primum
929 1499 1095 1536 auctori
1128 1499 1191 1536 illi
1213 1502 1390 1547 propter
1421 1508 1519 1535 eum
1551 1507 1663 1535 erro-

171 1582 275 1617 rem7
307 1572 360 1609 de
386 1582 469 1619 quo
503 1571 587 1608 iam
622 1566 803 1615 dicetur,
827 1582 913 1608 non
946 1570 990 1607 id
1013 1571 1156 1608 tribuo
1190 1569 1458 1620 diligentiae,
1490 1572 1538 1606 ut
1561 1568 1663 1606 data

171 1654 302 1690 opera
334 1643 611 1690 conquireret
650 1643 845 1680 diversos
878 1643 921 1680 in
961 1647 1052 1680 arte
1092 1643 1196 1679 rhet.
1235 1642 1494 1679 Aristotelea
1531 1641 1661 1686 locos,

172 1714 426 1761 praesertim
475 1725 572 1751 cum
607 1725 675 1751 me
709 1714 885 1761 quidem
933 1714 1075 1751 iudice
1109 1713 1398 1761 acquievisset
1446 1712 1490 1750 in
1523 1712 1661 1760 primo

173 1785 316 1822 statim
348 1785 441 1822 loco
475 1780 640 1822 “o'v'cwv
673 1779 709 1822 δ’
744 1780 1023 1832 ὀνομάτων
1066 1781 1132 1821 καὶ
1165 1778 1440 1831 ρημὰτων”.
1503 1783 1662 1820 deinde

172 1867 337 1903 nequeo
378 1859 653 1893 contemnere
701 1856 806 1894 artis
845 1860 955 1904 poet.
1003 1857 1160 1901 locum,
1208 1866 1374 1903 nequeo
1422 1854 1662 1893 concedere

172 1927 446 1964 Aristotelem
479 1928 548 1965 hic
581 1928 767 1965 alienam
808 1928 1049 1965 doctrinam
1087 1927 1290 1975 amplecti
1329 1926 1411 1975 ipsi
1449 1937 1534 1964 non
1566 1918 1665 1974 pross

173 1994 360 2035 batam*.
391 1999 536 2046 itaque
585 1999 795 2047 astipulor
827 1998 1042 2044 Classeno,
1077 1999 1150 2046 qui
1198 1995 1276 2046 (De
1309 2008 1487 2047 gramm.
1518 2007 1661 2046 graec.

173 2069 374 2118 primord.
408 2082 445 2118 p.
468 2066 540 2119 60)
574 2071 701 2108 11111115
724 2070 984 2108 Theodectis
1006 2070 1124 2107 illam
1147 2070 1279 2107 fuisse
1309 2069 1519 2107 rationem
1542 2068 1662 2114 dicit,

173 2144 220 2178 ut
252 2145 338 2178 tres
361 2146 505 2189 partes
528 2145 839 2189 statuerentur3
875 2142 950 2179 sed
973 2142 1054 2179 hoc
1077 2149 1210 2179 unum
1233 2140 1435 2179 Classeno
1457 2139 1661 2184 concedo,

317 2314 335 2335 ‘⁴‘
362 2315 448 2350 Non
478 2326 638 2360 possum
671 2315 762 2349 mihi
798 2315 1044 2360 persuadere
1078 2318 1149 2349 art.
1178 2315 1233 2349 rh.
1262 2314 1352 2349 1407
1380 2325 1403 2348 a
1421 2314 1467 2348 23
1505 2315 1559 2355 (ἐν
1584 2317 1663 2348 τοῖς
1693 2346 1696 2349 ,

175 2374 381 2416 ςυνδέςμοις
410 2401 416 2408 .
445 2402 451 2408 .
481 2402 487 2408 .
516 2376 639 2418 ὥςπερ
673 2376 692 2408 ὁ
727 2375 792 2415 μὲν
827 2376 885 2408 καὶ
911 2376 931 2409 ὁ
958 2375 1032 2416 ἐγὼ
1066 2375 1131 2416 μέν
1164 2374 1311 2408 ἀπαιτεῖ
1342 2374 1409 2408 τὸν
1439 2374 1481 2408 δέ
1511 2375 1570 2408 καὶ
1595 2373 1662 2408 τὸν

175 2434 194 2467 ὁ
214 2434 267 2475 δέ)
296 2434 586 2468 coniunctionis
607 2435 770 2469 1101111110
789 2435 908 2469 etiam
929 2444 1150 2479 pronomen
1170 2434 1375 2479 particulis
1394 2434 1470 2477 μέν,
1497 2433 1537 2467 δέ
1555 2433 1663 2468 iune-

175 2496 257 2526 tum
285 2493 613 2537 comprehensum
641 2504 745 2537 055ος
784 2498 828 2528 ut
846 2494 975 2538 magis
1000 2494 1113 2528 fieret
1141 2494 1408 2538 perspicuum,
1437 2492 1532 2537 quid
1551 2503 1663 2538 prae-

175 2552 426 2594 scriberetur,
449 2553 561 2596 quasi
579 2553 750 2597 exempli
766 2553 852 2587 loco
869 2553 1006 2587 addita
1024 2553 1117 2586 mihi
1137 2553 1327 2587 videntur
1346 2553 1421 2594 ἐγὼ
1437 2552 1504 2595 μέν
1518 2555 1557 2587 et
1574 2553 1595 2587 ὁ
1611 2551 1662 2587 δέ.

176 2611 347 2645 eundem
387 2611 575 2655 loquendi
608 2622 724 2645 usum
757 2613 887 2646 minus
930 2615 1164 2647 accuratum
1196 2612 1333 2647 inveni
1366 2612 1407 2646 in
1437 2611 1595 2647 scholiis
1621 2611 1663 2646 in

177 2670 350 2713 Iliadem,
384 2671 407 2704 Κ
426 2670 495 2704 408
515 2674 617 2711 (ven.
639 2673 696 2712 a):
725 2671 857 2715 δαί]ὅτι
877 2671 1072 2713 ςύνδεςμος
1097 2672 1116 2706 ὁ
1142 2671 1202 2706 δαί
1226 2673 1283 2706 καί
1310 2672 1378 2706 οὐκ
1403 2672 1541 2715 ἄρθρον
1568 2673 1664 2712 <rec-

177 2729 255 2763 tius
283 2729 448 2763 dixisset
474 2731 541 2763 οὐκ
568 2730 706 2773 ἄρθρον
731 2732 790 2764 καὶ
818 2731 1037 2773 ςύνδεςμος).
1079 2729 1116 2764 Μ
1141 2730 1212 2767 374
1238 2732 1341 2772 (ven.
1369 2733 1425 2772 ἕως
1462 2730 1663 2774 περιςςεύει

177 2789 217 2822 δὲ
242 2789 262 2822 ὁ
288 2790 369 2831 ἑξῆς
395 2789 589 2830 ςύνὸεςμος
615 2790 634 2823 ὁ
661 2790 707 2824 οἰ
732 2790 769 2823 δ’
798 2790 864 2824 ἐπ’
893 2790 1104 2825 ἐπάλξεις
1131 2792 1301 2833 βαῖνον.
1353 2791 1400 2825 cf.
1428 2790 1480 2825 ad
1506 2789 1532 2824 Z
1560 2789 1639 2825 149.
